3326 5182
678 479 887 539 etunrurlo.
1301 477 1363 537 xtrt

164 709 166 722 Ι
220 635 249 701 Β
303 644 341 702 io.
364 639 403 703 51
427 646 506 703 nitor
527 641 558 704 A
577 642 721 718 sororB
774 647 811 709 ib.
834 644 876 707 69
898 650 947 707 ille
969 645 1000 706 A
1022 641 1135 722 ipseB
1189 641 1240 724 ΙΙ,
1263 642 1299 724 5,
1322 643 1365 706 61)

216 753 347 825 foedera
369 755 492 829 quisque
513 751 543 813 A
565 757 668 815 sidere
689 773 802 830 queque
824 753 852 815 B
895 752 942 835 ΙΙ,
967 755 996 836 7,
1013 753 1056 817 40
1076 762 1228 816 conantur
1250 754 1281 815 A
1303 771 1362 814 mo-

220 859 378 922 uentorB
421 859 474 941 ΙΙ,
498 861 528 943 7,
550 861 593 924 45
614 873 739 926 caecula
760 864 791 926 A
813 855 933 927 culcita
955 863 983 925 B
1027 862 1079 944 ΙΙ,
1104 862 1139 943 8,
1165 863 1204 926 13
1226 867 1362 925 uidebant

222 970 253 1032 A
275 954 401 1033 solebam
423 968 451 1031 B
494 975 532 1033 ib.
554 972 593 1034 21
618 978 649 1035 io
671 972 702 1035 A
725 978 763 1036 ab
785 973 813 1036 B
857 972 903 1056 ΙΙ,
921 974 951 1054 8,
967 972 1009 1035 69
1030 979 1073 1035 sic
1094 974 1361 1048 ioqarubormisA

219 1085 263 1141 sic
283 1086 395 1156 tuoque
416 1083 454 1141 ob
468 1087 561 1143 armis
575 1081 603 1143 B
647 1082 694 1163 1-1,
711 1083 741 1165 9,
757 1083 797 1164 21
812 1060 964 1146 cornmuoe
979 1087 1048 1146 deos
1062 1083 1093 1145 A
1108 1099 1260 1146 commune
1274 1087 1364 1144 decus

220 1189 248 1250 B
291 1188 338 1270 ΙΙ,
355 1189 385 1270 9,
401 1189 442 1253 26
465 1195 524 1252 ieta
546 1196 623 1254 iouis
644 1193 675 1255 A
697 1199 760 1255 ullo
782 1192 906 1260 ionisB
950 1197 989 1255 io.
1006 1192 1050 1256 30
1069 1213 1125 1256 cur
1146 1213 1201 1255 suo
1223 1202 1309 1254 sexto
1331 1193 1362 1254 A

219 1320 275 1361 cur
297 1319 353 1362 suo
374 1321 466 1364 sucro
489 1299 517 1362 B
538 1311 592 1364 eto.

304 1415 396 1480 Haeo
423 1416 603 1498 sufficient,
634 1441 676 1482 ex
704 1419 822 1504 quibus
850 1419 927 1483 libri
951 1419 979 1482 B
1001 1429 1117 1484 natura
1144 1393 1375 1504 intellegatur.=

219 1526 259 1590 In
287 1548 382 1611 quem
410 1548 482 1590 cum
510 1550 552 1591 ex
579 1528 669 1593 fonte
699 1532 778 1592 satis
806 1529 891 1594 bono
919 1532 1040 1615 quique
1066 1529 1108 1592 ab
1130 1530 1160 1592 A
1183 1527 1271 1591 nullo
1293 1528 1362 1590 fere

192 1713 196 1720 1
219 1635 390 1730 interuallo
414 1635 550 1701 distaret
573 1638 739 1703 deriuatus
763 1640 822 1722 sit,
846 1650 955 1703 tamen
977 1660 997 1702 a
1018 1639 1173 1726 temporis
1197 1660 1260 1724 quo
1284 1638 1361 1700 scri-

219 1756 295 1832 ptus
318 1755 366 1810 est
387 1747 529 1830 ratione,
553 1770 616 1834 quo
636 1759 782 1834 tempore
804 1749 989 1833 corrigendi
1011 1749 1046 1812 in
1068 1771 1162 1812 usum
1185 1747 1362 1832 legentium

218 1863 332 1920 textus
358 1858 502 1921 studium
534 1857 676 1923 effloruit
689 1861 728 1942 ¹),
762 1860 842 1923 satis
875 1859 970 1922 multi
1003 1860 1193 1922 inuaserant
1226 1878 1361 1939 errores,

220 1966 337 2050 quibus
359 1969 535 2032 auctoritas
548 1969 627 2035 ,eius
649 1967 746 2032 ualde
767 1969 935 2032 minuitur.

304 2075 428 2156 Quinto
451 2071 524 2142 loeo‘
543 2079 693 2164 ponenda
714 2079 869 2144 uidentur
890 2094 1073 2141 exoneres
1095 2077 1284 2142 Selmena
1301 2077 1360 2160 (Ο)

220 2207 357 2271 quorum
379 2198 587 2274 conspectum
611 2189 747 2252 Heinsio
770 2188 926 2252 debemus
950 2187 1035 2272 (cod.
1059 2186 1139 2251 bibl.
1162 2208 1229 2271 reg.
1254 2185 1361 2250 Berol.

224 2295 331 2379 1076),
355 2299 411 2383 qui
432 2298 504 2384 ipse
526 2300 640 2384 quanti
663 2300 728 2363 sint
750 2300 847 2385 pretii
869 2297 980 2361 uerbis
1003 2295 1236 2382 declarauit¹),
1259 2318 1303 2376 re,
1326 2305 1362 2359 ut

221 2403 303 2470 solet
324 2411 540 2473 recentiorum
563 2405 719 2472 librorum
742 2407 913 2493 elegantiis
938 2407 1084 2491 selectis,
1110 2407 1217 2469 minus
1245 2399 1360 2494 proba-

220 2519 281 2580 uit.
324 2517 420 2582 Nune
447 2518 505 2583 ubi
532 2518 573 2582 de
601 2517 845 2602 Hamburgensi
868 2518 952 2583 libro
974 2519 1094 2583 rectius
1117 2515 1297 2597 iudicatur,
1320 2537 1361 2579 ne

219 2625 299 2690 haec
342 2628 474 2714 quidem
518 2639 688 2716 excerpta,
741 2649 814 2692 cum
857 2629 1129 2714 Argentoratensi
1177 2627 1360 2690 accuratius

219 2736 432 2824 archetypum
460 2748 651 2826 sequantur,
680 2739 970 2826 praetermittenda
998 2749 1084 2802 sunt.
1128 2735 1226 2817 Quod
1248 2735 1360 2822 paucis

220 2847 300 2910 loeis
322 2848 357 2910 in
379 2858 555 2936 conspectu
577 2849 694 2936 positis
717 2847 813 2911 facile
836 2845 1038 2932 intellegitur

388 2958 421 3041 Ι,
445 2959 481 3039 9,
503 2959 546 3022 24
572 2980 633 3022 nee
654 2959 835 3044 ignoscitur
855 2996 898 3004 -
919 2977 1020 3041 negas
1044 2958 1075 3020 A

573 3090 634 3131 nec
655 3069 781 3154 ignosci
804 3090 861 3134 cur
882 3106 924 3115 —
945 3089 1046 3151 negas
1069 3065 1098 3130 Ο

572 3200 633 3241 nec
655 3178 782 3263 ignosci
804 3188 841 3242 tu
862 3218 904 3226 -
925 3200 1009 3263 nega
1031 3177 1081 3259 Ββ

371 3287 404 3370 Ι,
430 3289 485 3370 10,
511 3287 550 3352 15
572 3289 683 3351 cuiuos
707 3290 738 3352 A
760 3290 865 3352 cuiuis
889 3289 941 3372 Οβ
964 3288 1055 3351 cuius
1079 3286 1107 3349 B

372 3397 423 3479 ΙΙ,
447 3399 485 3479 3,
510 3397 551 3461 84
572 3397 706 3461 aeithali
729 3397 811 3462 silua
832 3401 886 3481 Αβ

573 3505 668 3570 ithali
691 3507 774 3571 silua
796 3508 825 3572 O

545 3597 547 3606 ,
575 3615 653 3680 itala
675 3615 759 3682 silua
780 3616 808 3679 B

373 3726 424 3808 ΙΙ,
448 3728 483 3809 7,
507 3727 549 3792 35
566 3728 692 3810 [uerear
713 3749 777 3813 qua
799 3729 814 3792 i
836 3737 905 3791 reat
926 3728 958 3790 A

576 3858 689 3900 uerear
711 3859 774 3923 quo
797 3847 921 3900 terrear
940 3839 962 3918 β

575 3968 689 4010 uerear
710 3969 774 4033 qua
795 3956 832 4010 tu
853 3968 926 4009 rear
949 3947 977 4010 Ο

576 4065 685 4120 uerter
707 4058 783 4143 quie
804 4065 838 4120 te
859 4078 931 4119 rear
953 4055 981 4118 B

224 4163 427 4172 ———-

294 4245 319 4310 1)
339 4247 402 4296 inde
421 4246 579 4311 repetierim
599 4245 669 4309 quod
688 4247 716 4295 in
734 4246 757 4294 B
775 4247 812 4308 11,
831 4247 855 4308 2,
875 4247 943 4309 8sq.
960 4245 997 4305 ΙΙ,
1015 4245 1039 4303 2,
1057 4244 1090 4291 33
1102 4254 1144 4303 sq.
1163 4237 1269 4302 aliquot
1286 4238 1361 4289 disti-

223 4314 276 4363 cha
294 4315 483 4375 inueniuntur,
507 4313 600 4363 multis
619 4314 786 4363 coniecturis
805 4328 931 4377 aspersa,
958 4327 991 4360 ex
1013 4308 1110 4373 quibus
1129 4311 1194 4371 quot
1212 4305 1362 4373 qualesque

222 4376 346 4432 homines
366 4383 395 4430 in
419 4382 480 4431 istis
504 4382 572 4432 loeis
596 4381 794 4431 desudauerint
819 4379 1001 4444 cognoscitur.
1041 4376 1136 4438 Longe
1160 4375 1243 4424 aliter
1264 4391 1308 4424 res
1332 4391 1362 4425 se

222 4449 309 4499 habet
331 4451 359 4498 in
383 4449 441 4499 cod.
459 4449 617 4499 Basileensi
636 4449 672 4498 cf.
690 4446 884 4512 Bemerlcuoqeo
906 4462 951 4496 zur
968 4443 1258 4508 Hondecluifleokuode
1275 4460 1300 4508 p.
1321 4447 1361 4496 10,

289 4517 317 4582 2)
337 4518 424 4584 prael.
444 4533 488 4583 op.
507 4517 654 4567 Burmann.
673 4517 717 4567 III
734 4532 760 4581 p.
781 4517 828 4566 701
844 4516 869 4568 b.

1123 4594 1161 4648 b*
