3326 5182
268 421 331 470 VIII
737 419 947 467 PRAEFATIO.

268 574 454 660 repperit⁴).
500 571 582 636 Sunt
611 582 720 637 autem
748 572 885 636 duorum
913 571 1064 637 foliorum
1091 582 1199 659 partes
1229 573 1410 654 inferiores,

269 687 304 748 in
325 685 471 767 margine
494 705 618 747 summo
641 681 843 768 plurifariam
866 683 1064 769 proscissae,
1088 704 1224 767 quorum
1245 684 1280 746 in
1302 684 1410 767 singu-

269 792 309 856 lis
326 795 470 879 paginis,
495 815 536 856 ex
552 815 613 878 quo
631 792 915 858 Schoenemannus
935 791 1100 878 relliquias
1116 791 1284 878 scriptoris
1300 793 1411 856 neseio

271 903 362 966 ouius
391 901 621 982 ecclesiastici,
649 902 768 966 litteris
796 901 1037 987 longobardicis
1066 901 1215 966 uersibus
1239 901 1412 967 Ouidianis

271 1013 520 1098 superinpositi,
549 1011 677 1077 ablutas
711 1011 859 1093 sustulit,
896 1013 1044 1098 quaterni
1074 1034 1189 1076 uersus
1222 1012 1291 1075 fere
1324 1012 1413 1097 pleni

270 1121 437 1206 leguntur,
472 1121 515 1187 ad
536 1144 616 1208 quos
645 1123 680 1184 in
708 1123 837 1209 paginis
866 1122 987 1207 prima,
1021 1123 1135 1204 tertia,
1165 1131 1281 1207 quarta
1303 1144 1412 1187 eorum

271 1233 328 1318 qui
343 1233 531 1317 'superiores
561 1231 690 1295 fuerant
717 1253 871 1296 uersuum
893 1231 1076 1317 fragmenta
1099 1233 1219 1318 exigua
1241 1232 1419 1304 accedunt.¹

272 1341 323 1406 Ea
345 1351 454 1406 autem
477 1321 558 1428 quae
581 1340 689 1426 legere
711 1333 892 1428 potuimuS,
916 1343 1167 1428 adscripsimus,
1192 1342 1278 1428 quod
1295 1341 1412 1407 Schoe-

172 1490 179 1500 ›
272 1473 449 1515 nemannus
482 1460 513 1514 et
540 1450 688 1536 neglexit
720 1450 876 1516 nonnulla
904 1461 935 1515 et
963 1451 1045 1514 falsa
1080 1451 1239 1538 quaedam
1267 1451 1412 1538 protulit.

273 1561 455 1648 Sequemur
483 1569 590 1624 autem
620 1561 741 1626 codicis
770 1583 964 1648 quamquam
993 1583 1108 1648 parum
1137 1571 1225 1626 reete
1253 1562 1414 1648 conpositi

273 1671 429 1735 ordinem.
474 1671 577 1736 Primi
599 1672 700 1755 igitur
722 1669 794 1735 folii
822 1673 857 1736 in
879 1681 971 1756 parte
992 1673 1102 1736 antica
1123 1671 1203 1736 haee
1225 1681 1301 1735 sunt
1324 1673 1412 1762 (epp.

275 1803 317 1844 ex
339 1781 376 1844 P.
400 1781 460 1862 ru,
486 1781 536 1862 12,
563 1781 701 1864 15-19)

428 1913 1100 2000 brseeosruuusuusrmcoruolmpleqe
1121 1916 1249 1999 nomen]

478 2033 1177 2126 uubeaaermeruopecrusbaoeaeroeoeu

428 2151 1169 2243 buecmrbrcausafoutaumoroemsbutus

478 2268 1209 2361 quotmeosabrecroremoueuetteramou

426 2405 1376 2479 reqoecaroamqoacomqnemausumcaumomuuur

276 2577 429 2630 secuntur
452 2569 486 2629 in
507 2576 600 2652 parte
622 2567 749 2652 postica
772 2553 918 2630 eiusdem
940 2565 1011 2630 folii
1034 2587 1147 2629 uersus
1164 2588 1236 2652 epp.
1250 2588 1291 2629 ex
1307 2567 1343 2629 P.
1357 2565 1416 2648 IV,
1444 2609 1448 2622 ,

279 2677 328 2759 12,
351 2677 488 2740 41—44.

428 2817 1264 2911 [effi-lreconstamupaofoeumprerarecoterobo

480 2929 1234 3034 mespell!3lllllimeamoeseramuuaaurem·

432 3054 1356 3148 quamauoemqoteus-peleamosoueleouesr

480 3171 1109 3265 srmotoqorperrurltepeuueporesr

278 3351 319 3413 ln
346 3349 482 3414 alterius
510 3349 580 3414 folii
609 3359 701 3437 parte
728 3352 835 3436 priore
863 3351 942 3414 haee
963 3351 1183 3439 adparuerunt
1206 3356 1293 3440 (epp.
1317 3376 1359 3418 ex
1382 3354 1418 3416 P.

278 3459 339 3541 IV,
363 3460 393 3542 9,
419 3460 600 3546 rol-108)

1172 3574 1251 3657 nlos

1163 3709 1216 3759 30!

1112 3828 1221 3878 mesu

431 3925 1225 4018 puoxrm[adant]ro00[isoppidamunlrsrtem‘

347 4194 374 4256 4)
399 4195 426 4242 in
452 4197 611 4257 tegumento
638 4189 703 4242 libri
731 4195 855 4244 eoriaoeo
882 4194 985 4258 passim
1013 4195 1166 4260 inpressum
1193 4195 1297 4260 legitur
1323 4211 1421 4245 nomen

281 4277 433 4342 bibliopegi
450 4277 537 4345 aluino
554 4277 677 4337 oinium
697 4277 810 4342 quodsi
829 4277 898 4326 alibi
916 4279 1088 4341 inuenietur,
1109 4283 1237 4344 extentne
1256 4278 1330 4328 aliae
1350 4280 1423 4329 eodi-
1516 4295 1520 4306 ¹

283 4363 322 4412 eis
340 4361 374 4410 de
394 4377 445 4424 qno
465 4363 572 4426 agimus
591 4363 724 4426 laciniae,
744 4361 871 4412 similiter
889 4363 918 4411 in
936 4378 1012 4413 usum
1032 4363 1182 4428 bibliopegi
1199 4369 1348 4429 usurpatae
1367 4365 1421 4414 dis·

282 4445 442 4512 quirendum
461 4447 522 4496 erit.
