3326 5182
684 445 892 492 PRAEFATIO.

372 599 1226 699 secpteastenoumeneswtterbospnnans

422 718 1172 795 1nnostendendomesesnstsessetomo

371 821 1358 936 snmplmemswsqoepuosconnonxqoesscentos

422 962 1066 1055 numunsuamynononteorusseo

219 1142 355 1208 Relicua
377 1150 426 1204 est
447 1141 553 1205 altera
573 1141 707 1206 alterius
730 1141 801 1208 folii
824 1143 959 1229 pagina,
994 1144 1178 1228 conscripta
1204 1141 1260 1205 illa
1290 1164 1360 1206 ucr-

221 1253 312 1318 sibus
342 1275 561 1338 uersuumque
593 1251 761 1338 particulis
789 1252 867 1318 inde
894 1275 914 1316 a
940 1252 1001 1336 IV,
1025 1253 1059 1336 9,
1092 1253 1150 1318 127
1183 1273 1286 1338 usque
1318 1252 1361 1315 ad

222 1385 352 1426 uersum
376 1362 437 1427 133
459 1360 519 1426 tali
541 1362 670 1444 ordine,

370 1515 527 1600 tuclerte]

425 1634 568 1719 caspar]
652 1616 655 1623 ’

373 1773 412 1822 tu
456 1753 624 1836 teostttlas
640 1751 733 1816 audis
750 1752 835 1816 inter
851 1753 1204 1838 clomu[cxa].ucntus

426 1868 1193 1974 s·benasotttcuoqunsbnmusonepnaeccs-

374 1990 1181 2083 pescenninustocetcmmuresponsurum

427 2107 1022 2199 qoasbercmtsscetueyacraroouo

374 2203 1197 2317 nucusonbrsrcuunytecutonmumtannecto.

224 2409 294 2472 Iam
317 2409 346 2472 si
368 2404 505 2495 paucula
526 2405 606 2468 haec
627 2405 811 2489 fragmenta
832 2404 1181 2492 perpendimus,.fieri
1208 2429 1272 2470 non
1295 2415 1364 2492 pot-

225 2520 287 2582 erit
309 2520 388 2605 quin
410 2515 519 2582 dolore
534 2514 725 2602 adficiamur
746 2525 856 2579 tantae
879 2516 1050 2601 dignitatis
1071 2515 1148 2580 libri
1163 2517 1291 2580 amissi:
1315 2525 1366 2580 sat

225 2630 310 2692 enim
344 2630 477 2712 magnos
512 2649 554 2690 ex
585 2624 733 2690 frustulis
766 2625 831 2690 illis
864 2627 989 2691 fructus
1018 2621 1195 2714 capimus‘
1220 2627 1364 2690 Primum

224 2748 348 2821 autem,
371 2748 409 2802 ut
424 2759 466 2802 ex
481 2739 527 2801 cis
551 2736 716 2801 ordiamur
738 2758 819 2822 quae
841 2739 946 2822 primo
975 2737 1091 2801 obtutu
1113 2737 1364 2823 perspiciuntur,

224 2871 288 2913 non
310 2859 376 2913 tam
400 2850 485 2930 eiua,
509 2849 565 2934 qui
586 2847 732 2912 codicem
747 2848 1029 2932 Hamburgensem
1051 2848 1197 2932 scripsit,
1221 2847 1365 2909 incuriae

226 2959 368 3023 dandum
391 2981 463 3024 esse
484 2958 636 3044 adparet,
661 2956 748 3044 quod
770 2958 798 3020 is
821 2957 906 3020 liber
927 2955 1037 3021 multis
1061 2966 1093 3042 et
1114 2957 1216 3020 uariis
1238 2955 1364 3018 mendis

183 3105 186 3108 ·
225 3069 374 3135 foedatus
398 3078 463 3150 est,
493 3090 589 3154 quam
616 3067 786 3153 archetypi
814 3066 936 3132 codicis
960 3067 1155 3131 condicioni.
1200 3066 1365 3130 Vitiorum

225 3189 349 3261 autem,
387 3178 506 3266 quibus
540 3187 572 3241 et
607 3177 868 3262 Hamburgensis
904 3175 988 3240 liber
1021 3187 1053 3242 et
1087 3176 1365 3264 Guelferbytanus
1447 3161 1450 3166 ⁵

226 3289 389 3373 laborant,
413 3297 505 3353 tanta
525 3297 574 3353 est
589 3287 768 3376 aequalitas
791 3297 827 3352 ut
848 3287 987 3352 alterum
1010 3309 1052 3351 ex
1073 3287 1207 3352 alterius
1230 3309 1365 3374 apogra-

225 3399 289 3487 pho
319 3400 456 3464 fluxisse
489 3399 605 3463 merito
640 3399 827 3463 contendas.
879 3399 962 3462 Nam
996 3397 1083 3484 quod
1111 3399 1240 3483 saepius
1265 3397 1305 3480 'fit
1333 3397 1367 3459 in

226 3505 471 3594 Hamburgensi
492 3519 528 3573 ut
550 3508 695 3596 syllabae
722 3510 847 3596 priores
875 3507 1061 3590 uerborum,
1084 3509 1112 3571 si
1135 3528 1218 3593 quae
1239 3516 1366 3570 antece·

227 3621 374 3685 dentium
395 3619 626 3684 uocabulorum
654 3619 791 3708 syllabis
820 3619 976 3682 extremis
999 3639 1093 3704 pares
1115 3619 1181 3681 sint
1203 3616 1256 3680 uel
1278 3617 1366 3680 simi-

172 3765 176 3774 ·
226 3731 291 3813 les,
319 3753 451 3818 prorsus
480 3731 671 3795 omittantur
699 3729 756 3814 (cf.
779 3729 819 3793 R.
842 3726 979 3794 Merkel.
1002 3727 1104 3815 praef.
1128 3726 1170 3790 ad
1193 3727 1290 3791 Ouid.
1313 3726 1368 3790 ΠΙ

226 3868 259 3930 p.
279 3841 355 3924 IV),
378 3839 465 3904 idem
487 3841 522 3903 in
545 3839 805 3926 Guelferbytano
827 3841 943 3904 uitium
965 3838 1144 3904 admissum
1168 3846 1217 3901 est
1239 3835 1312 3920 (IV,
1337 3836 1367 3915 9,

229 3952 306 4035 1323
332 3952 381 4033 12,
407 3953 477 4036 17),
507 3973 669 4037 quamque
696 3949 817 4013 codicis
841 3949 1101 4034 Hamburgensis
1124 3947 1250 4012 scribae
1272 3946 1367 4007 mira-

226 4085 300 4126 mur
325 4060 582 4146 neglegentiam,
612 4084 675 4147 qua
697 4081 714 4123 c
736 4068 768 4124 et
791 4082 827 4124 ae
848 4060 930 4124 adeo
952 4061 987 4122 in
1008 4061 1192 4146 promiscuo
1215 4053 1367 4134 habebat,

227 4181 264 4236 ut
287 4173 333 4235 cis
356 4171 437 4258 ipsis
460 4171 556 4255 locis,
580 4171 731 4258 quibuse
753 4168 814 4235 soli
836 4169 942 4235 locum
965 4191 1034 4234 csse
1056 4177 1158 4231 metro
1180 4164 1290 4229 doceri
1312 4163 1368 4228 de·

229 4321 294 4330 ..-

298 4403 325 4468 a)
344 4373 486 4453 intercidit
502 4403 523 4452 I.

299 4488 327 4549 b)
346 4488 386 4538 sic
405 4489 509 4552 scripta
527 4492 590 4537 sunt
608 4503 662 4550 non
679 4491 710 4536 ut
728 4486 944 4537 schoenemann.
957 4484 1039 4535 dicit:
1060 4492 1218 4543 ιΝοεῐκΑ
