3326 5182
281 453 342 517 xiv
429 455 432 460 ’
747 450 958 499 saturano.

280 608 523 688 hexametrum,
551 607 586 668 in
608 605 762 670 Gudiano
792 604 905 669 codice
926 603 1147 690 Politianique
1171 603 1300 669 schedis
1323 605 1424 668 tradi-

280 727 358 780 tum.
390 715 597 802 Quamquam
612 737 653 777 nc
676 737 749 778 cum
772 714 903 799 quidem
925 713 1096 800 probabis,
1113 717 1142 778 si
1158 714 1262 800 qualis
1286 717 1328 778 sit
1341 738 1422 803 ¹sen-

280 829 455 904 tentiarum
470 825 549 890 ordo
564 826 758 910 respexeris.
802 825 887 886 Nam
910 833 983 888 cum
1005 825 1163 910 poematis
1186 824 1263 887 inde
1285 847 1304 887 a
1326 847 1424 888 uersu

280 937 428 1000 stratio
452 958 489 998 ca
512 937 570 1015 sit,
600 943 636 997 ut
660 933 801 997 Ouidius
830 923 989 1018 quomodo
1016 934 1087 997 fieri
1113 936 1256 1020 potuerit
1278 944 1424 1019 quaerat,

280 1055 316 1108 ut
340 1047 442 1131 ipsius
466 1046 610 1106 carmina
638 1042 755 1107 Salano
784 1042 976 1128 probentur,
1008 1043 1156 1108 versibus
1179 1043 1230 1134 65,
1254 1044 1294 1107 66
1318 1053 1350 1106 et
1372 1044 1423 1106 69.

281 1157 322 1218 70
344 1177 381 1218 eo
400 1177 452 1217 res
476 1154 621 1234 ducitur,
652 1162 688 1215 ut
709 1154 744 1215 in
767 1155 946 1216 carminum
973 1152 1082 1216 indole
1109 1154 1250 1218 oratoria
1277 1175 1425 1216 caussam

280 1264 402 1328 fauoris
434 1286 468 1328 se
496 1264 679 1348 repperisse
709 1272 805 1348 pocta
832 1263 983 1326 fateatur.
1029 1261 1128 1341 Quod
1156 1285 1253 1348 quam
1281 1265 1324 1326 sit
1351 1285 1425 1324 cum

280 1375 387 1459 poesis
415 1375 525 1458 generi
556 1373 600 1453 ei,
629 1371 716 1456 quod
739 1372 879 1436 Ouidius
903 1370 980 1435 exul
1009 1348 1123 1454 coluit,
1152 1383 1221 1436 tum
1249 1373 1352 1458 ipsius
1375 1373 1423 1434 in-

280 1482 347 1546 doli
370 1493 637 1564 consentaneum,
660 1505 726 1546 non
748 1491 797 1544 est
813 1481 899 1567 quod
914 1492 1093 1545 moneatur.
1138 1483 1224 1545 Eum
1246 1483 1421 1545 sententia-

280 1616 352 1655 rum
374 1615 499 1655 nexum
521 1590 604 1654 illud
627 1591 713 1676 quod
736 1591 906 1673 uersibus,
935 1601 971 1654 ut
993 1614 1079 1656 nunc
1101 1601 1194 1674 sunt,
1218 1593 1268 1655 67.
1292 1593 1333 1655 68
1356 1591 1423 1653 effi-

281 1705 364 1766 citur
387 1701 552 1765 distichon
574 1700 827 1764 insulsissimum
851 1700 1082 1786 doctrinaeque
1110 1723 1214 1763 uanae
1236 1703 1344 1788 specie
1366 1700 1423 1763 ad-

280 1811 464 1876 umbratum
494 1821 615 1874 temere
642 1811 860 1896 interrumpit.
905 1810 1002 1872 Vnde
1029 1810 1124 1896 plane
1151 1810 1330 1876 tollendum
1353 1831 1424 1874 esse

281 1944 406 1986 censeo.

365 2031 457 2094 Haec
484 2034 530 2095 eis
559 2054 642 2117 quae
670 2031 711 2094 de
739 2032 850 2095 codice
884 2031 1129 2115 Hamburgensi
1159 2033 1194 2094 in
1221 2053 1303 2094 mus.
1332 2031 1423 2094 rhen.

281 2140 302 2204 l.
325 2141 347 2204 l.
370 2142 442 2205 dixi
465 2151 541 2205 sunt
564 2141 725 2206 addenda.

366 2253 440 2315 Non
454 2253 562 2314 minus
577 2252 663 2315 bono
679 2273 720 2314 ex
735 2251 825 2315 fonte
841 2273 938 2337 quam
958 2251 1063 2315 codex
1078 2251 1338 2335 Hamburgensis
1358 2273 1424 2314 ma-

282 2363 376 2425 nauit
391 2361 594 2423 BAVARIGVS
608 2361 658 2446 (β)
674 2361 716 2424 ab
732 2361 799 2425 Th.
816 2361 880 2424 Oh.
897 2360 1085 2424 Harlesio
1101 2370 1251 2424 accurate
1266 2360 1422 2443 conlatuS,

281 2473 336 2557 qui
351 2493 437 2534 nunc
451 2472 487 2533 ni
501 2469 597 2533 fallor
611 2469 777 2532 Monachii
791 2471 994 2534 adseruatur.
1021 2470 1083 2536 Est
1098 2471 1213 2553 codex,
1229 2480 1266 2533 ut
1279 2469 1423 2533 Harlesii

282 2581 391 2644 uerbis
413 2590 502 2663 utar,
527 2579 699 2663 ‘oblongae
721 2579 860 2663 formae,
885 2591 916 2644 et
931 2580 1085 2667 pollicum
1100 2581 1168 2644 fere
1184 2581 1297 2643 decem
1319 2579 1422 2664 longi-

281 2691 442 2768 tudinem,
467 2690 672 2754 latitudinem
695 2691 836 2776 quinque
856 2691 925 2755 fere
941 2691 1061 2778 explet.
1099 2692 1311 2755 Membranae
1332 2693 1423 2776 ipsae

282 2812 358 2866 sunt
385 2823 528 2882 crassae,
557 2810 593 2864 ut
621 2799 797 2887 plurimum
824 2800 1022 2866 lectissimae
1051 2811 1082 2865 et
1109 2804 1221 2888 paucis
1244 2801 1351 2865 lituris
1374 2802 1422 2863 in-

222 2897 226 2912 ⁵
282 2913 443 2998 quinatae.
487 2911 622 2974 Litteris
646 2933 704 2997 per
725 2921 829 2975 totum
850 2911 971 2976 librum
985 2912 1193 2995 minusculis,
1217 2913 1245 2974 si
1268 2933 1288 2974 a
1309 2912 1422 2997 primis

282 3021 484 3106 singulorum
512 3042 665 3085 uersuum
687 3022 875 3085 maiusculis
904 3023 1068 3105 discedas,
1098 3045 1176 3086 usus
1200 3030 1249 3085 est
1271 3020 1422 3084 librarius

281 3131 368 3195 haud
390 3131 486 3217 plane
508 3129 669 3194 indoctus.
713 3131 948 3218 Inscriptiones
976 3135 1155 3210 carminum
1178 3143 1209 3196 et
1231 3130 1358 3195 litterae
1365 3179 1374 3212 ,
1404 3153 1423 3192 a

257 3296 258 3299 ,
282 3235 400 3326 quibus
429 3239 578 3324 singulae
607 3239 761 3326 epistolae
789 3243 965 3328 incipiunt,
995 3242 1093 3306 rubro
1117 3243 1222 3307 colore
1244 3251 1320 3306 sunt
1343 3242 1421 3305 scri·
1456 3238 1459 3244 ’

282 3361 367 3436 ptae.
413 3351 615 3436 Compendia
643 3352 807 3415 scribendi
834 3374 894 3415 nec
921 3352 1002 3416 adeo
1031 3354 1213 3439 frequentia
1239 3369 1300 3416 nec
1320 3373 1423 3437 aeque

281 3483 319 3522 ac
347 3461 382 3523 in
408 3461 643 3525 recentioribus
671 3463 844 3547 praecipue
872 3463 1051 3526 chartaceis
1079 3461 1248 3526 intellectu
1275 3461 1423 3524 difficilia

281 3571 389 3636 minus
412 3571 595 3656 impediunt
618 3580 650 3634 et
672 3573 833 3635 sustinent
856 3572 1019 3637 lectorem.
1055 3573 1095 3636 In
1111 3569 1422 3636 scribendi'ratione

281 3703 346 3745 non
373 3681 504 3745 omnino
532 3681 691 3744 delicatus
720 3676 783 3745 fuit
810 3684 838 3745 is
868 3686 924 3770 qui
953 3684 1128 3769 scripserat
1154 3704 1215 3746 nec
1241 3681 1422 3766 negligens.

283 3797 434 3872 Cortona,
457 3799 601 3869 quotiesc,
626 3799 728 3854 totiens
750 3799 851 3869 linquo
873 3803 933 3858 etc.
956 3795 1081 3880 posuit,
1107 3803 1138 3856 et
1153 3795 1188 3856 in
1203 3791 1313 3854 uerbis
1336 3813 1421 3855 com-

281 3904 396 3990 positis
427 3903 470 3966 ab
497 3909 527 3964 in
554 3911 611 3964 aut
638 3923 693 3965 coo
720 3902 951 3988 incipientibus
974 3926 994 3966 a
1016 3913 1052 3966 ut
1074 3911 1185 3966 irunttlo
1208 3923 1335 3989 semper
1357 3923 1421 3966 ser-

283 4015 384 4078 uauit.
438 4017 488 4074 Ad
518 4033 595 4074 uero
632 4013 667 4074 in
700 4015 886 4098 compositis
923 4015 1064 4077 mutauit
1100 4035 1198 4100 saepe
1231 4022 1267 4076 ut
1299 4018 1420 4090 aspicio.

282 4117 512 4210 Diphthongos
542 4145 607 4185 non
634 4124 755 4186 amauit
785 4122 937 4187 librarius
967 4125 1079 4208 (sic!):
1113 4125 1149 4186 iu
1176 4123 1286 4188 uerbis
1314 4131 1422 4184 tamen

283 4235 405 4320 primae
438 4233 665 4298 declinationis
696 4256 732 4296 ue
759 4255 817 4319 per
843 4256 859 4296 e
885 4233 1014 4318 uirgula
1045 4235 1174 4297 adunca
1201 4233 1337 4296 inferius
1365 4232 1421 4294 ad·

284 4343 404 4426 scripta
426 4345 599 4428 expressit.
643 4345 683 4407 In
704 4344 888 4415 nominibus
911 4347 1052 4431 propriis
1068 4383 1111 4428 -.
1124 4367 1143 4406 a
1157 4365 1235 4406 uera
1257 4342 1423 4406 scribendi

283 4454 408 4518 ratione
436 4452 601 4515 aberrauit
627 4455 767 4539 saepius.
819 4456 857 4518 In
887 4455 950 4519 fine
978 4453 1210 4520 uocabulorum
1241 4451 1257 4514 s
1278 4453 1420 4538 longius·
