3326 5182
692 437 902 487 PRAEFATIO.
1304 447 1366 492 XXI

221 599 374 652 statuatur
395 589 456 652 AB
478 590 700 653 monstreturO
745 590 790 674 ΙΙ,
807 592 837 673 7,
853 593 893 654 31
917 599 1031 656 trucior
1045 594 1075 656 A
1098 602 1294 660 truculentior
1314 598 1366 679 βΒ

222 699 407 763 atrociorO
451 700 496 781 ΙΙ,
521 699 551 780 9,
577 699 616 763 10
637 707 728 764 tutior
749 700 833 782 ΑβΒ
854 703 1004 766 mittorO
1048 704 1100 784 II,
1124 704 1154 785 9,
1179 705 1217 768 77
1240 713 1366 770 umarus

221 809 252 871 A
275 814 403 872 uindicet
424 808 476 890 βΒ
494 815 644 888 principis
666 811 694 875 Ο
720 809 790 892 ΙΙ,
816 811 856 874 10
862 860 871 894 ,
894 811 936 876 45
958 819 1021 892 ipsc
1042 819 1159 890 quidem
1181 827 1260 878 certe
1281 817 1364 900 ΑβΒ
1450 817 1452 824 ’

221 924 285 997 r'pse
306 924 425 997 quidem
446 896 576 982 'extremi‘
596 919 625 983 O
1245 994 1247 998 ,

305 1027 353 1091 De
368 1028 429 1092 hac
450 1037 541 1092 tanta
563 1010 629 1092 tam
650 1027 761 1092 multis
784 1031 819 1093 in
840 1029 920 1096 locis
944 1031 1164 1119 discrepantia
1186 1056 1260 1097 cum
1282 1035 1362 1100 duas

220 1139 255 1200 in
277 1147 385 1223 partes
408 1138 570 1224 disputari
592 1139 711 1225 possit,
734 1148 771 1202 ut
792 1150 848 1204 aut
869 1125 1066 1227 posthabitis
1089 1143 1171 1224 ΑβΒ
1195 1145 1362 1210 codicibus

220 1247 250 1311 Ο
272 1247 348 1311 libri
369 1257 535 1334 tamquam
556 1249 652 1312 unius
674 1250 744 1312 ueri
766 1248 866 1314 fontis
887 1252 1114 1315 auctoritatem
1131 1275 1283 1339 sequare,
1306 1267 1363 1320 aut

219 1357 327 1422 multis
349 1356 436 1422 hune
457 1357 537 1422 locis
560 1367 682 1422 temere
703 1358 934 1445 interpolatum
957 1361 1100 1444 iudices,
1133 1384 1193 1447 ego
1220 1366 1255 1427 in
1281 1360 1360 1428 altess

219 1490 289 1530 ram
317 1467 400 1530 hanc
429 1469 622 1532 sententiam
651 1469 803 1534 concedo.
847 1469 932 1533 Nam
955 1481 987 1534 et
1008 1452 1122 1535 uersus
1150 1470 1199 1534 illi
1221 1474 1359 1558 insitiui,

220 1577 261 1640 de
284 1555 402 1664 quibus
421 1579 491 1654 iam
513 1577 656 1642 diximus
681 1578 723 1661 (I,
746 1579 778 1660 2,
802 1580 821 1642 8
845 1602 893 1664 sq.
917 1579 962 1661 ΙΙ,
985 1581 1017 1660 2,
1040 1581 1081 1643 33
1105 1581 1185 1666 sq.),
1210 1604 1307 1666 quos,
1332 1587 1360 1648 si

219 1686 376 1752 Heinsius
405 1689 512 1752 omnia
538 1689 699 1770 enotauit,
727 1690 762 1751 in
785 1687 943 1774 Scaligeri
966 1689 1077 1753 codice
1099 1689 1201 1754 fuisse
1223 1714 1288 1756 non
1311 1703 1360 1758 est

218 1796 304 1882 quod
326 1807 477 1882 negetur,
507 1798 653 1862 codicem
680 1796 808 1862 saeculo
831 1798 921 1862 XIII
943 1799 996 1862 uel
1023 1801 1173 1885 proximo
1201 1805 1359 1888 scriptum

216 1916 372 1990 arguunt,
402 1918 434 1971 et
460 1906 616 1972 lectiones
644 1909 735 1993 ipsae
757 1930 876 1992 magna
899 1930 940 1970 ex
962 1919 1054 1996 parte
1077 1931 1133 1973 eae
1156 1922 1247 1995 sunt,
1277 1934 1358 1999 quae

216 2018 396 2080 sententiae
416 2016 470 2080 uel
492 2016 623 2102 linguae
645 2017 809 2082 ornandae
831 2040 947 2082 caussa
975 2018 1069 2081 fictae
1093 2041 1163 2084 esse
1184 2022 1360 2085 uideantur

217 2125 273 2210 (cf.
302 2126 421 2190 similia
449 2131 679 2204 Bemerlruuqeu
705 2150 736 2207 p.
769 2129 811 2212 7).
870 2127 964 2207 Quae
996 2151 1048 2192 res
1083 2151 1120 2191 ea
1153 2132 1357 2216 potissimum

215 2235 391 2300 lectionum
417 2238 591 2319 uarietate,
623 2259 718 2322 quam
747 2235 789 2298 ad
811 2235 845 2318 Ι,
868 2237 903 2317 2,
927 2237 985 2320 35,
1008 2238 1046 2318 5,
1072 2239 1127 2321 11,
1164 2238 1216 2321 ΙΙ,
1245 2241 1275 2321 7,
1298 2241 1355 2324 29,

215 2344 261 2427 ΙΙ,
284 2345 314 2427 9,
341 2346 395 2429 10,
418 2347 464 2428 ΙΙ,
490 2348 539 2428 10,
562 2345 604 2410 45
626 2345 803 2432 adscripsi,
827 2345 923 2409 facile
946 2346 1092 2434 adparet.
1136 2348 1258 2436 Magna
1279 2349 1356 2413 inde

214 2455 317 2520 ineis
341 2457 454 2520 existit
481 2455 658 2520 difficultas
688 2455 883 2521 lectionibus
912 2457 1148 2539 diiudicandis,
1178 2480 1261 2544 quae
1284 2481 1353 2545 spe-

215 2563 295 2627 ciem
324 2565 392 2630 fieti
419 2567 526 2630 minus
555 2588 632 2652 prae
661 2588 696 2628 se
723 2565 847 2650 ferunt,
878 2588 1066 2653 summaque
1095 2590 1171 2631 eura
1194 2577 1243 2632 est
1264 2567 1354 2631 adhi-

215 2673 336 2757 benda,
367 2686 403 2740 ut
425 2698 484 2740 suo
508 2698 653 2762 quaeque
676 2675 745 2740 loco
767 2686 855 2740 recte
875 2678 1097 2741 aestimentur.
1141 2677 1225 2742 Esse
1247 2688 1355 2741 autem

214 2786 248 2847 in
270 2783 445 2870 lectionum
467 2785 723 2872 discrepantium
745 2808 895 2869 numero,
919 2808 1002 2871 quae
1024 2788 1087 2868 eis,
1111 2809 1194 2871 quae
1216 2788 1250 2850 in
1272 2787 1355 2868 ΑβΒ

214 2903 304 2976 sunt,
332 2896 577 2980 anteponendae
598 2895 787 2976 uideantur,
818 2895 974 2958 Heinsius
997 2894 1243 2982 Merkeliusque
1268 2905 1355 2960 recte

213 3004 439 3068 iudicauerunt
463 3004 520 3088 (cf.
543 3005 590 3086 ΙΙ,
613 3006 644 3088 5,
669 3005 710 3070 75
732 3004 784 3068 cll.
807 3004 868 3087 IV,
892 3005 922 3087 8,
946 3004 997 3069 60.
1022 3006 1081 3087 IV,
1100 3007 1149 3087 13,
1165 3007 1233 3091 27).
1277 3006 1353 3092 Ipse

214 3111 438 3197 Scaligeranas
460 3115 591 3179 restitui
613 3116 645 3195 I,
670 3115 701 3197 9,
726 3116 781 3198 17,
806 3113 848 3178 cf.
870 3113 932 3198 IV,
955 3115 991 3197 5,
1014 3116 1067 3179 40.
1091 3115 1150 3199 IV,
1176 3117 1226 3197 12,
1249 3117 1280 3182 5.

294 3223 453 3309 -Adiungo
480 3224 530 3288 his
559 3224 651 3289 libris
680 3224 825 3288 codicem
852 3225 1075 3308 Bartsrtnuur,
1105 3227 1196 3290 cuius
1225 3225 1353 3291 collatio

213 3331 272 3416 (N)
296 3342 386 3398 extat
407 3335 442 3398 in
463 3337 611 3419 margine
634 3334 785 3398 editionis
804 3335 1079 3399 Bersmannianae
1095 3327 1243 3422 (Lipsiae
1264 3338 1354 3424 typis

213 3440 382 3509 Grosianis
398 3467 428 3508 a.
440 3433 656 3531 It‘D‘O‘XTX)
693 3443 799 3524 Quem
815 3467 851 3509 se
866 3445 1035 3509 Ferrariae
1058 3446 1242 3509 excussisse
1257 3446 1353 3509 Bers-

211 3575 346 3617 mannus
368 3564 524 3637 testatur,
551 3557 707 3642 temporis
736 3577 799 3641 quo
828 3556 967 3641 scriptus
991 3556 1034 3618 sit
1055 3556 1186 3618 notione
1208 3577 1273 3619 non
1295 3556 1351 3619 ad-

212 3660 332 3746 dita*).
377 3662 536 3728 Eiusdem
559 3687 631 3729 eum
653 3674 762 3730 autem
784 3665 937 3752 temporis
961 3685 1049 3746 esse,
1079 3665 1169 3728 cuius
1193 3665 1353 3756 Scaligeri

213 3771 358 3836 codicem
386 3773 489 3838 fuisse
523 3776 732 3855 coniecimus,
767 3798 840 3838 cum
872 3774 943 3838 ueri
974 3773 1113 3861 quadam
1141 3777 1249 3862 specie
1275 3777 1352 3839 inde

212 3881 330 3967 conligi
359 3906 455 3970 posse
476 3884 622 3968 uidetur,
660 3885 746 3971 quod
779 3883 1067 3970 interpolationum
1098 3885 1193 3948 initia
1224 3895 1350 3948 tantum

212 3993 334 4057 insunt.
378 3993 463 4057 Nam
485 4017 558 4059 cum
580 3995 632 4076 II,
655 3996 690 4077 2,
714 3995 734 4060 8
756 4017 803 4080 sq.
828 3994 892 4057 duo
914 4016 1027 4059 uersus
1055 3996 1274 4081 reperiantur,
1302 3994 1348 4076 II,

277 4187 302 4250 ³⁸)
323 4205 371 4240 eas
391 4191 465 4241 solas
483 4191 620 4242 lectiones
639 4193 761 4256 excussi,
789 4207 857 4257 quas
879 4192 975 4243 codice
1001 4191 1141 4241 nominato
1165 4190 1272 4254 attulit,
1295 4207 1349 4242 non

211 4271 272 4318 eas,
296 4273 366 4321 quae
391 4263 463 4310 teste
487 4275 541 4309 non
565 4261 657 4310 addito
680 4261 709 4309 in
731 4261 856 4326 margine
880 4260 1014 4324 plurimae
1032 4259 1223 4319 inueniuntur,
1249 4259 1348 4325 quippe

210 4339 278 4388 quas
304 4340 358 4374 non
384 4326 512 4377 librorum
540 4331 800 4393 manuscriptorum,
830 4327 877 4377 sed
902 4332 949 4376 aut
972 4326 1122 4375 editionum
1146 4325 1282 4377 lectiones
1302 4332 1349 4377 aut

208 4391 334 4472 Fabricii
352 4395 525 4445 coniecturas
544 4411 605 4445 esse
623 4412 671 4461 pro
690 4401 765 4446 certo
785 4395 919 4444 affirmari
941 4395 1036 4458 possit.
1073 4394 1109 4444 cf.
1127 4396 1249 4460 praefat.
1267 4396 1348 4444 Bers-

208 4474 310 4512 manni.
