3326 5182
778 439 824 484 EX
847 436 962 484 PONTO

426 613 524 659 aurea
546 593 684 657 Romani
706 599 793 656 tecta
815 589 917 654 fuisse
939 589 1012 653 fori.

384 714 497 791 totque
519 702 632 768 tulisse
655 702 753 765 duces
777 702 916 785 captiuis
938 698 1052 765 addita
1080 699 1171 765 collis

427 813 576 895 uincula,
600 833 703 899 paene
724 810 826 875 hostis
850 820 928 897 quot
950 812 1030 874 satis
1053 831 1124 873 esse
1146 809 1219 874 fuit.

323 932 364 989 45
386 925 530 988 maxima
551 945 626 1010 pars
649 923 765 986 horum
786 922 887 985 uitam
909 921 1104 1006 ueniamque
1125 919 1286 1002 tulerunt,

428 1036 462 1097 in
485 1033 603 1120 quibus
622 1041 658 1096 et
679 1031 759 1095 belli
781 1053 907 1094 summa
929 1039 1090 1117 caputque
1112 1030 1206 1094 Bato.

387 1166 444 1208 cur
467 1165 526 1228 ego
548 1163 644 1229 posse
666 1163 783 1226 negem
805 1141 908 1204 minui
930 1139 1011 1204 mihi
1033 1141 1175 1204 numinis
1199 1141 1299 1221 iram,

430 1275 504 1317 cum
525 1252 656 1316 uideam
677 1251 767 1314 mitis
790 1251 939 1315 hostibus
963 1271 1034 1314 esse
1057 1249 1160 1314 deos?

388 1362 522 1450 pertulit
545 1363 599 1425 hic
621 1361 709 1425 idem
731 1360 842 1442 nobis,
867 1359 1077 1443 Germanice,
1101 1382 1226 1442 rumor,

327 1480 368 1538 50
432 1473 553 1560 oppida
574 1471 635 1536 sub
657 1469 751 1536 titulo
774 1471 915 1534 nominis
938 1471 1002 1534 isse
1024 1472 1084 1552 tui,

388 1592 486 1670 atque
509 1605 546 1645 ea
567 1591 600 1646 te
624 1591 735 1645 contra
756 1602 816 1644 nec
837 1581 923 1643 muri
944 1580 1029 1644 mole
1050 1601 1111 1643 nec
1132 1581 1234 1643 armis

430 1714 491 1755 nec
513 1692 592 1756 satis
615 1692 746 1775 ingenio
768 1699 840 1755 tuta
861 1689 964 1754 fuisse
986 1689 1060 1753 loci.

391 1801 426 1866 di
448 1802 510 1866 tibi
533 1803 611 1865 dent
633 1801 750 1865 annos!
773 1823 793 1863 a
814 1810 847 1864 te
868 1823 945 1863 nam
967 1809 1075 1864 cetera
1097 1821 1221 1882 sumes,

435 1913 500 1977 sint
523 1911 619 1976 modo
641 1912 758 1976 uirtuti
779 1920 926 1996 tempora
947 1909 1045 1995 longa
1065 1920 1152 1974 tuae.

329 2029 367 2087 55
391 2021 479 2109 quod
500 2045 630 2109 precor,
654 2023 836 2086 eueniet-
853 2029 929 2084 sunt
951 2019 1108 2107 quiddam
1130 2020 1261 2085 oracula
1282 2029 1394 2085 uatum
1411 2059 1446 2065 -

432 2154 508 2195 nam
530 2132 610 2196 deus
634 2133 760 2219 optanti
781 2152 938 2218 prospera
960 2133 1055 2215 signa
1076 2129 1178 2195 dedit.

390 2251 423 2306 te
446 2263 574 2327 quoque
595 2243 751 2306 uictorem
774 2241 932 2327 Tarpeias
955 2240 1111 2304 scandere
1132 2243 1168 2305 in
1189 2261 1279 2304 arces

433 2351 518 2414 laeta
540 2353 702 2415 coronatis
725 2352 829 2417 Roma
850 2335 978 2415 uidebit
1001 2352 1104 2437 equis,

391 2471 599 2547 maturosque
621 2470 714 2548 pater
735 2463 804 2525 nati
826 2461 988 2547 spectabit
1009 2460 1164 2543 honores,

331 2578 371 2636 60
434 2571 555 2655 gaudia
577 2571 775 2658 percipiens,
799 2593 881 2657 quae
904 2570 995 2634 dedit
1017 2572 1088 2657 ipse
1111 2572 1189 2633 suis.

392 2681 457 2744 iam
478 2703 563 2744 nunc
586 2681 666 2744 haec
687 2704 707 2744 a
728 2703 796 2762 me,
819 2682 974 2744 iuuenum
996 2679 1145 2766 belloque
1167 2689 1308 2766 togaque

435 2793 594 2874 maxime,
618 2790 707 2855 dicta
729 2791 791 2856 tibi
813 2789 1013 2854 uaticinante
1035 2799 1123 2856 nota.

339 2943 341 2947 ,
393 2900 479 2966 hunc
502 2924 629 2988 quoque
652 2900 849 2966 carminibus
871 2900 1010 2964 referam
1025 2900 1164 2964 fortasse
1178 2901 1396 2987 triumphum,

437 3011 577 3075 sufficiet
599 3013 718 3076 nostris
742 3013 770 3076 si
791 3010 888 3075 modo
910 3011 980 3074 uita
1000 3009 1111 3092 malis,

332 3126 371 3184 65
393 3119 529 3184 inbuere
553 3121 723 3206 Scythicas
748 3123 776 3184 si
798 3143 863 3184 non
884 3121 974 3207 prius
997 3123 1067 3206 ipse
1090 3121 1247 3204 sagittas,

378 3321 411 3368 42
428 3323 502 3369 testa
515 3320 600 3368 fuise
614 3319 637 3367 A
692 3321 725 3368 43
744 3318 841 3368 tulisse
861 3292 911 3385 dci
924 3319 1008 3368 duces
1028 3315 1074 3384 ΒΗ
1088 3319 1214 3384 captiuos
1225 3317 1453 3385 ABCGLNPdea

311 3387 432 3452 captiuis
451 3403 465 3436 e
483 3389 540 3437 cod.
559 3387 671 3451 Nauper.
693 3383 704 3452 Ι]
728 3387 811 3436 colles
831 3384 972 3451 [eiuras]
992 3387 1013 3435 P
1065 3390 1099 3437 44
1117 3387 1341 3451 pane-quodA
1359 3389 1453 3437 uincta

310 3471 381 3520 pene
399 3455 422 3503 B
438 3450 450 3521 Η
466 3455 553 3505 hostis
572 3455 595 3503 A
607 3455 701 3504 hostes
714 3470 735 3503 π
777 3456 810 3504 45
822 3471 886 3518 pars
899 3454 1036 3504 hominum
1049 3455 1072 3504 L
1085 3451 1096 3520 ΙΙ
1108 3455 1218 3504 ueniam
1230 3455 1372 3518 uitamque
1385 3472 1398 3506 ε
1411 3459 1451 3505 ed.

308 3540 352 3587 pr.
369 3520 381 3589 ΙΙ
397 3523 483 3572 tulere
497 3521 548 3588 βῬ
590 3523 623 3571 46
636 3523 702 3572 bato
714 3521 762 3571 AO
775 3529 914 3586 caputque
927 3522 982 3571 fuit
994 3520 1248 3585 BCDEFGLNPed
1261 3539 1295 3572 ea
1307 3539 1376 3573 corr.
1420 3527 1452 3573 47

311 3606 417 3655 qnoque
436 3591 460 3640 D
483 3587 494 3656 Η
520 3605 570 3654 ego
588 3605 643 3639 non
664 3606 772 3654 sperem
790 3591 814 3640 N
837 3588 848 3656 ss
872 3591 996 3639 caesaris
1018 3590 1142 3639 DFGNL
1166 3590 1299 3654 principis
1326 3591 1386 3653 (fuit
1404 3607 1453 3640 nu·

310 3658 403 3721 minis)
421 3656 479 3722 Pap
508 3660 564 3756 248
582 3658 656 3706 mitis
674 3657 795 3708 Amites
812 3672 834 3706 π
851 3659 942 3706 imites
960 3658 983 3705 F
1034 3660 1067 3708 49
1081 3655 1217 3722 rettulitd
1236 3657 1352 3722 protulit
1371 3659 1418 3720 Ga
1439 3657 1451 3724 [t

497 3733 503 3760 l

311 3777 364 3826 hue
382 3775 456 3839 una
475 3777 517 3838 sor
540 3777 562 3825 r
587 3774 598 3842 ιι
621 3775 702 3826 noun
720 3777 821 3826 meme
873 3779 905 3827 so
923 3739 1052 3840 oppidrr
1077 3773 1089 3842 Η
1114 3791 1174 3826 esse
1192 3773 1453 3842 turucnuecsnu

310 3879 367 3927 isse
385 3878 454 3928 FPte
472 3873 499 3928 ei
518 3878 596 3926 tuiB
650 3880 681 3929 51
702 3877 831 3942 adqueP
855 3874 866 3942 Η
891 3893 924 3927 ea
942 3893 1029 3930 neec.
1048 3893 1100 3926 nec
1118 3878 1141 3926 L
1160 3875 1222 3940 tecd
1247 3851 1300 3947 {1⁴¹
1321 3874 1333 3945 Η
1358 3884 1454 3928 contra

311 3945 399 3996 nroB
424 3942 435 4012 [l
458 3961 513 3995 non
530 3946 601 3994 muri
617 3946 642 3996 N
698 3947 731 3995 52
752 3947 893 4010 expositu
911 3946 960 3994 DF
979 3947 1005 3994 in
1023 3961 1101 4010 rrarp.
1121 3945 1152 3994 ab
1170 3950 1234 3995 m.2
1287 3949 1319 3996 53
1340 3947 1377 3995 6ἰί
1396 3947 1417 3996 Β
1438 3943 1451 4014 Η

311 4017 345 4065 54
362 4014 474 4063 uirtutis
492 4031 507 4063 τ
559 4013 592 4062 55
610 4011 645 4062 ad
664 4027 762 4076 precor
779 4014 884 4062 rueniet
901 4014 923 4062 B
943 4014 1055 4062 eueniat
1071 4013 1120 4062 DF
1142 4014 1307 4078 euenientq
1325 4015 1454 4064 eueniant

310 4090 334 4146 ψ
358 4079 369 4146 ΙΙ
393 4082 528 4145 quaedam
547 4077 825 4145 Aucuuuueupcr
844 4080 972 4144 quiddam
989 4081 1130 4130 Heumann.
1151 4087 1213 4130 sunt
1231 4081 1312 4146 longa
1330 4083 1455 4148 pericula

252 4185 258 4205 .
311 4151 337 4199 Ι)
390 4151 422 4199 56
441 4149 563 4199 orantis
617 4149 649 4199 57
667 4153 756 4198 turres
775 4148 824 4210 Du
877 4150 910 4198 59
928 4153 1097 4212 naturosque
1116 4148 1139 4197 A
1157 4155 1368 4213 maturusques
1421 4153 1454 4200 60

464 4235 513 4270 ante
1369 4233 1452 4274 rnotaa

314 4287 379 4332 ente
399 4282 440 4347 βΙ)
459 4285 520 4347 ipse
539 4284 561 4332 F
581 4297 668 4348 usque
687 4282 734 4348 ep
787 4285 819 4333 62
838 4285 956 4334 maxima
974 4284 997 4333 A
1019 4280 1031 4350 ΙΙ
1054 4289 1122 4349 puta
1135 4283 1207 4350 θψΕ
1225 4301 1266 4348 pr,
1279 4302 1302 4334 u.
1317 4288 1333 4335 l.
1354 4291 1454 4350 utputa

313 4385 336 4433 F
400 4385 432 4433 63
450 4389 516 4432 tunc
534 4383 581 4434 ΑΒ
600 4400 673 4434 nunc
691 4384 708 4450 β
726 4385 798 4436 hunc
818 4385 912 4450 egoN
975 4388 1008 4436 64
1027 4361 1150 4436 sufficiat
1168 4387 1190 4436 F
1208 4383 1369 4436 suffieiatP
1422 4389 1454 4436 65

314 4452 342 4500 iu
360 4466 444 4516 puero
463 4451 577 4501 sciticas
595 4452 617 4501 B
