3326 5182
294 407 382 458 xxvr
754 389 965 463 rainelmo.

294 560 396 627 multa
429 561 513 627 enim
549 585 676 648 eorum,
712 589 795 653 quae
828 588 993 654 peruersa·
1010 577 1042 633 et
1070 567 1153 634 falsa
1180 571 1215 634 in
1243 571 1436 638 lectionibus

294 693 336 736 ex
358 671 390 736 G
412 674 551 738 enotatis
580 675 807 760 inueniuntur,
836 677 962 742 scribae
989 677 1215 764 neglegentiae
1241 681 1329 747 haud
1358 706 1435 748 sane

293 802 414 868 paruae
441 783 641 867 tribuantur,
669 795 718 852 tot
745 796 854 852 tamen
880 786 1022 874 taliaque
1044 797 1155 855 textus
1177 790 1230 855 uel
1254 794 1435 859 exornandi

238 971 241 974 Ι
293 891 347 956 uel
389 893 576 981 expoliendi
616 895 717 960 studii
756 898 950 963 documenta
985 897 1231 988 glossarumque
1266 901 1436 992 relliquiae

292 1011 434 1084 restant,
471 1013 508 1068 ut
543 1006 650 1091 ipsum
684 1006 806 1072 codicis
841 1007 937 1073 huius
967 1008 1181 1098 archetypum
1209 1011 1336 1078 saeculo
1364 1013 1436 1079 XII

292 1114 507 1199 antiquiorem
545 1115 604 1178 uix
640 1115 820 1183 habuerim.
886 1119 996 1205 Atque
1034 1129 1072 1184 ut
1104 1119 1184 1184 haec
1219 1143 1297 1186 uere
1328 1146 1349 1188 a
1382 1146 1435 1188 me

293 1215 377 1288 esse'
392 1223 480 1288 dicta
501 1224 688 1312 intellegas,
723 1226 781 1293 has
803 1228 881 1292 uide
914 1249 956 1294 ex
982 1231 1094 1315 paucis
1122 1232 1319 1298 carminibus
1348 1255 1433 1298 sum-

291 1342 341 1397 tas
369 1331 541 1400 lectiones:
585 1335 619 1418 I,
649 1339 681 1414 1,
703 1339 726 1402 4
752 1343 829 1403 abde
855 1343 940 1403 modo
1000 1341 1037 1402 11
1065 1350 1099 1404 ut
1126 1346 1178 1405 hos
1235 1343 1275 1407 19
1302 1364 1357 1407 mee
1383 1355 1434 1408 tu-

291 1464 359 1508 mea
412 1445 452 1510 51
475 1452 632 1524 iuniperus
686 1449 725 1513 67
748 1454 823 1514 milti
842 1453 945 1514 tabida
1000 1448 1041 1514 69
1060 1457 1220 1530 putredine
1275 1453 1435 1530 7410111-
1510 1513 1523 1534 ,

290 1560 407 1618 cientur
463 1556 504 1621 75
530 1562 643 1622 stimuli
667 1570 789 1622 mentem
845 1559 885 1624 77
913 1563 1019 1624 eredat
1074 1560 1105 1642 I,
1132 1562 1168 1643 2,
1191 1561 1212 1627 5
1239 1570 1360 1640 quaeris
1414 1565 1433 1629 6

292 1672 395 1744 quisue
448 1666 622 1733 8aduersu
682 1669 722 1732 14
742 1676 883 1740 confiteor
934 1669 975 1735 38
997 1675 1165 1736 admitteret
1217 1672 1260 1737 54
1281 1679 1344 1754 ipse
1392 1675 1432 1738 57

290 1782 455 1854 liquescunt
521 1779 580 1842 101
602 1783 656 1844 sub
682 1801 716 1844 eo
743 1791 787 1844 est
811 1787 855 1845 sic
879 1787 918 1844 sit
974 1780 1034 1844 102
1055 1792 1127 1845 eant
1201 1782 1258 1846 121
1282 1803 1341 1848 nou
1362 1789 1435 1849 milti

294 1887 332 1951 13
356 1895 484 1967 propior
516 1894 597 1954 uitae
652 1891 712 1955 133
737 1897 791 1955 ille
817 1910 872 1968 epo
896 1912 961 1956 sum
987 1896 1055 1956 dixi
1109 1892 1170 1956 134
1198 1897 1294 1957 medio
1319 1900 1433 1975 surpite

291 2002 431 2062 cauenda
449 2001 521 2074 soro
575 1998 602 2080 Ι,
623 2001 653 2081 3,
679 2002 717 2066 13
740 2006 778 2064 de
798 2013 899 2066 nostro
920 2021 1047 2081 corpore
1066 2022 1181 2082 poenae
1241 2002 1284 2068 25
1306 2017 1372 2068 arte
1392 2017 1434 2069 est

290 2108 331 2172 37
354 2128 439 2173 romu
460 2119 505 2174 est
558 2109 600 2174 42
622 2113 695 2174 nom
723 2112 765 2176 49
787 2117 928 2175 extremis
969 2111 1012 2176 59
1032 2119 1158 2190 rupitias
1201 2113 1434 2191 93951111-

290 2225 390 2282 luntas
446 2219 488 2283 94
506 2227 709 2300 eousutuitque
762 2221 793 2302 I,
816 2221 852 2303 4,
874 2221 917 2286 20
938 2228 1042 2286 adesse
1084 2222 1127 2286 30
1147 2230 1228 2288 timet
1269 2224 1433 2288 3711111111·-
1480 2245 1484 2254 ·

177 2401 180 2406 ¹
291 2341 358 2393 tone
401 2329 428 2410 Ι,
449 2328 479 2409 5,
499 2327 541 2393 22
562 2341 672 2395 montes
713 2333 755 2397 33
778 2337 852 2410 quid
872 2371 913 2379 —
936 2352 1011 2410 apro
1064 2332 1104 2396 37
1127 2339 1220 2396 euitat
1274 2333 1316 2398 58
1337 2340 1434 2399 modis

292 2440 332 2504 77
354 2443 522 2504 miserabile
577 2441 604 2520 Ι,
628 2441 657 2524 7,
676 2442 714 2505 11
728 2448 841 2522 premit
885 2442 924 2505 12
940 2453 1060 2521 pupuat
1104 2443 1325 2508 mnostrum
1347 2449 1432 2508 haee.

376 2549 515 2614 Codex
549 2566 726 2615 altmanus
755 2551 847 2637 (228)
877 2551 934 2637 (L)
963 2572 1058 2638 quem
1090 2552 1330 2618 Bethmanui
1369 2555 1434 2618 uiri

290 2660 518 2725 humanissimi
555 2659 713 2728 beneficio
750 2663 785 2725 in
820 2661 970 2726 manibus
1006 2660 1125 2744 habui,
1169 2662 1433 2729 membranaceus

290 2770 378 2836 foliis
400 2771 447 2835 LI
469 2771 584 2858 primis
606 2771 707 2837 libros
731 2795 773 2835 ex
795 2772 899 2836 Ponto
921 2771 1067 2856 integros
1090 2794 1174 2836 saec.
1192 2772 1291 2854 XIII,
1313 2774 1433 2859 uiginti

289 2883 396 2947 tribus
418 2879 506 2946 foliis
529 2880 628 2947 Statii
650 2881 837 2962 Thebaida,
860 2891 986 2969 septem
1008 2891 1040 2946 et
1062 2881 1176 2946 decem
1196 2881 1320 2948 ultimis
1336 2881 1436 2948 Clau·'

291 2992 380 3056 diani
409 2991 450 3055 de
476 2999 572 3077 raptu
594 2991 808 3080 Proserpinae
837 3013 967 3055 carmen
995 2991 1092 3076 (saec.
1117 2991 1216 3078 XIV)
1247 2991 1431 3079 complecti-

289 3113 353 3169 tur.
402 3101 531 3165 Primae
557 3103 660 3187 partis
687 3103 826 3188 paginae
852 3101 1026 3188 pleraeque
1054 3102 1251 3166 tricenorum
1279 3102 1431 3167 binorum

290 3211 344 3278 uel
375 3221 538 3277 ternorum
572 3221 648 3276 sunt
679 3233 848 3293 uersuum,
885 3213 1048 3297 margines
1080 3211 1139 3276 lati
1172 3212 1305 3277 scholiis
1338 3222 1433 3278 textu

290 3321 392 3386 multo
419 3321 653 3388 recentioribus
676 3321 807 3409 repleti,
836 3321 969 3388 scholiis
991 3321 1254 3388 interlinearibus
1278 3332 1310 3387 et
1331 3323 1432 3389 uariis

290 3433 486 3499 lectionibus
513 3441 622 3498 textus
650 3432 780 3498 abunde
806 3454 970 3519 aspersus.
1015 3431 1119 3496 Tituli
1147 3454 1253 3519 neque
1275 3431 1432 3497 librorum

216 3555 220 3563 '
291 3553 404 3609 extant
425 3564 530 3631 neque
552 3543 779 3629 epistularum,
806 3565 888 3629 quae
909 3541 1047 3606 lineolae
1069 3544 1174 3630 spatio
1197 3543 1321 3607 distant
1343 3552 1431 3608 sunt-

291 3676 353 3744 que
385 3652 481 3719 litera
512 3654 618 3738 prima
649 3652 702 3718 uel
734 3652 834 3719 rubro
866 3652 920 3717 uel
953 3652 1099 3718 caeruleo
1132 3651 1237 3718 colore
1267 3653 1356 3740 picta
1382 3654 1430 3716 in-

290 3765 440 3850 signitae.
486 3762 632 3830 Contulit
660 3763 780 3828 librum
805 3764 846 3828 N.
870 3762 1027 3828 Heinsius
1056 3785 1076 3826 a
1103 3763 1271 3828 Bernardo
1297 3763 1431 3828 Rotten-

290 3875 428 3962 dorphio
455 3873 599 3954 medico,
628 3874 719 3938 cuius
746 3896 865 3939 nomen
886 3873 928 3938 ab
950 3873 1052 3960 ipsius
1074 3883 1111 3938 ut
1133 3882 1211 3960 puto
1234 3895 1332 3938 manu
1353 3874 1431 3938 sori-

289 3996 382 4074 ptum
414 3987 450 4050 in
481 3984 602 4073 pagina
630 3985 747 4070 prima¹
769 3993 875 4065 extat,
908 3993 1094 4070 acceptum,
1128 3993 1161 4078 et
1188 4005 1209 4047 a
1235 3982 1432 4070 possessoris

289 4098 420 4165 nomine
441 4093 778 4181 Rottendorphianum
806 4093 929 4158 dictum
950 4093 1124 4182 aliquoties
1147 4092 1269 4160 laudat.
1315 4092 1432 4158 Ortho-

268 4253 272 4259 -
290 4206 427 4294 graphia
449 4229 545 4295 quam
568 4204 681 4272 dicunt
703 4203 850 4272 codioiF
870 4202 1038 4268 simillima
1060 4215 1125 4288 est,
1148 4203 1251 4290 siglae
1272 4201 1432 4290 plurimae

290 4338 350 4379 nec
373 4338 500 4402 semper
523 4315 698 4404 simplices.
736 4315 867 4381 Codicis
889 4317 1067 4379 auctoritas
1090 4316 1137 4378 eis
1160 4314 1201 4378 de
1224 4313 1343 4400 quibus
1366 4313 1432 4398 egi-

290 4449 362 4491 mus
388 4427 492 4490 maior
518 4428 659 4492 uidetur.
703 4426 777 4491 Etsi
806 4425 891 4488 enim
920 4425 1000 4489 satis
1027 4422 1146 4488 multas
1175 4432 1207 4488 et
1233 4421 1432 4510 corruptelas
