3326 5182
220 520 228 533 ,
283 469 334 514 xu
751 470 960 520 enarrarre.

284 619 546 707 Hamburge'nsis
579 622 672 700 libri,
711 645 805 709 quem
839 622 1085 686 fundamentum
1119 607 1211 688 crisis
1245 624 1426 689 Ouidianae

283 755 354 798 esse
390 735 559 817 cognouit,
598 733 793 798 lectionibus
831 735 960 819 saepius
997 733 1172 817 neglectis,
1210 737 1426 800 recentiorum
1497 723 1500 730 ’

283 843 431 907 codicum
452 843 717 929 interpolationes
741 853 870 907 secutus
894 853 953 923 est,
978 843 1036 906 sed
1059 845 1167 926 etiam,
1192 867 1253 930 quo
1277 845 1318 908 de
1340 869 1426 910 nune

281 976 392 1038 agam,
421 954 726 1039 interpolationibus
756 953 900 1017 codicem
930 976 1002 1036 eum
1030 976 1160 1040 prorsus
1189 976 1299 1018 carere
1327 956 1425 1018 nimis

279 1063 401 1149 cupide
429 1063 598 1126 iudicauit.
644 1064 767 1128 Contra
795 1086 855 1148 ego
884 1063 1154 1149 interpolatorum
1182 1064 1266 1128 fetus
1289 1066 1324 1128 in
1346 1088 1424 1152 pon-

282 1175 348 1236 tica
370 1195 499 1259 quoque
522 1173 635 1238 Ouidii
663 1176 806 1237 carmina
832 1175 994 1238 inuasisse
1016 1197 1080 1237 non
1103 1173 1227 1238 dubito.
1273 1173 1341 1253 Qui
1363 1177 1425 1239 etsi

282 1305 347 1346 non
369 1293 418 1346 tot
439 1285 593 1369 tantique
610 1293 700 1365 sunt,
724 1285 838 1369 quanti
860 1285 895 1347 in
916 1283 989 1348 aliis
1012 1283 1104 1348 libris
1121 1284 1293 1349 Ouidianis
1310 1285 1423 1371 depre-

281 1393 484 1475 henduntur,
514 1415 633 1479 neque,
662 1393 697 1456 id
726 1394 814 1480 quod
836 1393 1016 1458 Merkelius
1039 1404 1127 1458 reete
1149 1395 1249 1478 uidit,
1278 1417 1423 1479 egram-

281 1499 472 1567 matieorum
488 1503 605 1567 studiis
621 1503 797 1587 fluxerunt,
822 1513 870 1568 tot
892 1513 1001 1567 tamen
1023 1505 1173 1589 uestigiis
1196 1504 1364 1591 adparent,
1388 1514 1424 1568 ut

282 1615 395 1698 negari
416 1637 479 1678 non
502 1636 598 1700 posse
620 1613 803 1678 uideantur.
849 1613 1054 1699 Quamquam
1076 1637 1141 1678 non
1164 1615 1232 1678 eius
1255 1617 1421 1700 temporis,

282 1747 344 1810 quo
368 1723 451 1787 liber
472 1725 503 1786 A
527 1733 679 1787 exaratus
702 1734 769 1805 est,
793 1745 848 1786 eos
872 1745 955 1804 esse,
984 1723 1042 1786 sed
1064 1724 1171 1809 ipsum
1193 1725 1288 1788 huius
1310 1723 1421 1788 arche-

281 1843 396 1919 typum
419 1835 659 1919 inquinauisse,
690 1835 718 1897 si
746 1855 827 1919 quae
850 1833 890 1896 de
913 1834 1034 1898 codicis
1057 1833 1088 1896 A
1117 1835 1283 1920 scriptoris
1313 1833 1422 1897 indole

280 1942 461 2008 Merkelius
485 1942 666 2030 disputauit
688 1945 907 2030 reputaueris,
931 1941 1027 2006 facile
1050 1944 1218 2008 concedes.

366 2053 476 2138 Atque
497 2063 533 2116 ut
556 2055 696 2139 primum
719 2056 788 2118 eius
812 2055 940 2138 generis
964 2054 1050 2140 quod
1070 2053 1112 2116 ad
1127 2077 1224 2119 uoces
1240 2042 1421 2139 singulares

281 2164 437 2248 pertinet,
461 2163 646 2250 exemplum
675 2163 853 2250 adponam,
876 2187 941 2228 non
963 2165 1026 2228 huo
1047 2141 1213 2230 retulerim
1235 2188 1307 2230 eum
1330 2167 1420 2229 cuius

280 2271 460 2335 lllerkelius
475 2276 673 2337 mentionem
688 2274 766 2338 fecit
788 2274 908 2355 locum,
932 2276 988 2360 qui
1004 2285 1053 2339 est
1068 2276 1112 2356 ΙΙ,
1128 2277 1159 2356 5,
1177 2276 1227 2356 67,
1250 2285 1422 2361 propterea

281 2382 367 2468 quod
390 2382 511 2447 codicis
534 2385 565 2446 A
587 2382 759 2448 lectionem

523 2495 656 2579 thyrsus
680 2494 857 2558 sublestate
879 2503 1009 2578 gustata
1031 2504 1079 2557 est

279 2611 433 2666 nontam
456 2625 529 2666 eum
551 2603 712 2668 Merkelio
736 2627 778 2668 ex
800 2604 1020 2691 dittographia

526 2715 657 2800 thyrsus
681 2716 709 2777 si
732 2716 807 2778 nob’
829 2724 958 2798 gestata
980 2713 1001 2776 l’
1017 2723 1147 2798 gustata
1170 2724 1219 2777 est
1405 2790 1409 2797 ¹

279 2831 389 2886 natam
418 2845 489 2887 esse
517 2845 604 2906 reor,
637 2847 733 2910 quam
755 2847 775 2887 a
797 2823 893 2888 solita
920 2825 1048 2889 scribae
1076 2823 1283 2909 neglegentia
1309 2823 1420 2888 literas

181 2949 185 2964 ¹
280 2942 442 2998 extremas
465 2936 612 2998 iterantis
635 2933 874 3022 repetendam.v
899 2935 1019 2998 Veram
1047 2936 1133 2997 enim
1161 2935 1331 3019 archetypi
1353 2957 1419 2997 ma·

278 3066 356 3105 nuru
378 3033 412 3108 in
434 3045 546 3107 codice
568 3045 742 3125 Bauarico,
767 3067 863 3130 quem
886 3044 1057 3108 Harlesius
1080 3043 1230 3124 contulit,
1260 3065 1419 3129 quemque

279 3152 322 3214 ad
351 3154 564 3239 archetypum
592 3156 740 3238 proxime
768 3154 923 3218 accedere
950 3154 1036 3218 infra
1064 3176 1277 3241 exponemus,
1307 3153 1419 3239 depre-

279 3254 431 3325 hendisse
453 3261 615 3342 uidemur,
639 3264 673 3326 in
695 3249 758 3350 qiro
780 3265 860 3327 haec
882 3274 972 3328 sunt:

523 3373 623 3436 tirsus
645 3373 703 3437 ubi
726 3384 775 3437 est
797 3397 816 3436 a
838 3383 885 3454 te,
908 3383 1036 3458 gestata
1059 3383 1107 3437 est
1129 3373 1151 3436 l.
1173 3397 1206 3436 n.

279 3480 351 3544 Hoc
373 3482 474 3565 igitur
496 3481 566 3546 loco
590 3485 708 3548 omisso
731 3484 991 3570 interpolationis
1015 3483 1284 3548 demonstrandae
1304 3505 1419 3548 caussa
1473 3523 1482 3540 ι

277 3590 494 3656 adscribimus
518 3615 600 3678 quae
622 3593 766 3675 sunt'II,
790 3595 820 3676 9,
843 3595 883 3658 37

479 3702 530 3765 fao
553 3703 709 3788 profugus
731 3706 817 3768 intra
838 3713 895 3767 tua
917 3713 1023 3767 castra
1045 3704 1172 3767 iacenti.

280 3811 373 3892 Quae
395 3833 469 3874 cum
492 3812 578 3875 haud
601 3812 700 3877 dubie
728 3813 855 3901 syllaba
881 3815 1062 3900 intercepta
1085 3812 1300 3898 corruptelam
1323 3836 1419 3900 passa

278 3922 344 3985 sint
365 3931 463 4006 atque
484 3944 504 3984 a
525 3921 685 3987 Merkelio
707 3935 794 3989 recte
817 3926 876 3988 hoc
899 3924 995 3988 modo
1017 3925 1169 3987 restituta

479 4031 532 4120 fac
554 4033 693 4118 profugo
712 4036 838 4112 prosint
860 4044 916 4097 tua
938 4043 1045 4097 castra
1067 4035 1201 4117 iacenti,

278 4151 328 4205 sat
350 4141 493 4206 dilucide
516 4143 630 4227 opinor
644 4143 907 4230 interpolatorem
922 4142 1073 4230 produnt.
1104 4142 1310 4229 Quamquam
1332 4143 1417 4229 quod

278 4251 354 4313 huic
375 4251 572 4336 adiungatur
595 4253 700 4317 simile
722 4276 854 4340 prorsus
883 4251 1068 4340 exemplum
1090 4276 1155 4318 non
1176 4253 1296 4317 habeo:
1325 4253 1418 4339 plura

277 4381 355 4422 uero
369 4359 759 4428 additamentauersuum
774 4365 993 4428 inueniuntur.
1032 4363 1161 4442 Quibus
1183 4361 1416 4426 additamentis

277 4469 438 4534 trifariam
458 4468 547 4535 locus
563 4473 765 4567 facultasque
780 4475 856 4538 data
871 4484 936 4538 est:
959 4475 1098 4564 primum
1121 4494 1163 4535 ex
1184 4471 1325 4556 lacunis,
1348 4481 1417 4536 tum
