3322 5186
660 449 725 534 ΠΙ,
752 457 956 522 naa-101.

319 645 379 688 nec
402 603 513 686 sumus
537 619 681 704 indigni:
706 641 781 701 nec,
806 621 835 683 si
856 619 906 685 uis
930 641 1009 682 uera
1030 619 1142 702 fateri,

257 741 298 798 80
363 731 500 796 debetur
522 731 645 794 meritis
668 731 775 814 gratia
797 727 886 792 nulia
907 731 999 792 meis.

319 841 468 906 redditur
490 839 548 902 illa
570 839 700 925 quidem
722 837 839 923 grandi
862 860 936 902 cum
957 837 1068 904 fenore
1089 840 1199 923 nobis,

360 973 420 1015 nec
442 959 491 1033 te,
515 951 543 1013 si
565 950 691 1034 cupiat,
714 947 843 1011 laedere
865 971 975 1012 rumor
996 947 1108 1020 habet:

319 1061 377 1125 sed
399 1071 509 1124 tamen
530 1059 592 1122 hoc
614 1057 709 1121 factis
732 1057 875 1142 adiunge
896 1058 1060 1144 prioribus
1082 1079 1200 1142 unum,

360 1192 418 1257 pro
440 1169 560 1233 nostris
582 1176 619 1231 ut
642 1168 686 1231 sis
709 1167 883 1231 ambitiosa
904 1167 1008 1231 malis.

257 1285 297 1344 85
319 1289 356 1344 ut
377 1279 483 1342 minus
506 1277 625 1342 infesta
646 1279 769 1368 iaceam
790 1279 923 1362 regione
945 1275 1074 1360 labora,

362 1387 477 1451 clauda
498 1410 558 1451 nec
580 1386 681 1452 officii
703 1409 777 1473 pars
802 1389 863 1450 erit
884 1386 951 1450 ulla
973 1389 1033 1450 tui.

318 1521 437 1583 magna
458 1507 549 1584 peto,
573 1497 632 1562 sed
654 1521 719 1562 non
740 1507 849 1560 tamen
870 1498 1035 1562 inuidiosa
1056 1499 1201 1583 roganti:

204 1659 209 1670 .
312 1666 315 1672 ,
360 1617 461 1694 utque
485 1630 522 1670 ea
543 1630 609 1672 non
631 1617 758 1689 teneas,
782 1617 853 1672 tuta
874 1607 1006 1694 repulsa
1027 1617 1083 1670 tua
1105 1618 1164 1672 est.

317 1739 378 1780 nec
399 1717 480 1780 mihi
503 1739 673 1800 succense,
696 1719 816 1781 totiens
839 1719 868 1780 si
891 1719 1032 1781 carmine
1054 1728 1166 1782 nostro

258 1835 298 1893 90
362 1827 449 1914 quod
472 1825 554 1891 facis
577 1837 614 1890 ut
635 1827 737 1891 facias
761 1836 857 1913 teque
879 1829 1006 1898 imitere
1027 1850 1117 1912 rogo.

320 1937 460 2001 fortibus
483 1936 635 2001 adsueuit
656 1937 789 2001 tubicen
811 1937 981 2024 prodesse,
1006 1959 1127 2022 suoque

295 2039 303 2055 ’
360 2045 431 2110 dux
451 2046 535 2110 bene
557 2048 735 2134 pugnantis
757 2047 873 2110 incitat
894 2069 949 2110 ore
970 2047 1068 2111 uiros.

252 2225 254 2232 ,
318 2166 395 2221 nota
417 2166 474 2220 tua
496 2167 545 2220 est
567 2157 712 2243 probitas
735 2164 919 2242 testataque
942 2166 1069 2244 tempus
1092 2159 1126 2220 in
1149 2179 1259 2220 omne:

360 2267 403 2330 sit
424 2267 528 2331 uirtus
551 2269 649 2331 etiam
670 2290 735 2331 non
756 2267 919 2355 probitate
941 2268 1056 2331 minor.

257 2382 295 2439 95
318 2398 383 2440 non
404 2376 467 2440 tibi
488 2377 671 2442 Amazonia
693 2386 741 2440 est
763 2400 821 2464 pro
843 2399 895 2440 me
918 2377 1075 2441 sumenda
1097 2377 1235 2461 securis,

359 2495 416 2550 aut
439 2487 550 2550 excisa
571 2486 637 2550 leui
658 2487 746 2574 pelta
767 2487 911 2572 gerenda
932 2510 1045 2551 manu:

317 2618 438 2660 numen
459 2597 661 2690 adorandum
684 2607 747 2680 est,
771 2621 835 2662 non
857 2608 893 2662 ut
915 2598 996 2662 mihi
1018 2598 1074 2662 fiat
1096 2601 1253 2682 amicum,

361 2706 419 2770 sed
441 2708 484 2770 sit
505 2717 542 2771 ut
564 2709 683 2772 iratum
705 2730 802 2794 quarn
825 2708 888 2772 fuit
909 2718 984 2772 ante
1006 2711 1123 2773 minus.

317 2817 423 2900 gratia
446 2818 474 2880 si
496 2816 584 2880 nulla
607 2827 671 2900 est,
695 2816 847 2880 lacrimae
869 2818 932 2881 tibi
952 2820 1059 2901 gratia
1081 2818 1173 2881 fient:

239 2933 299 2990 100
362 2926 423 2988 hac
444 2937 535 3012 potes
558 2937 614 2990 aut
636 2925 726 2990 nulla
747 2937 839 3014 parte
860 2949 997 3008 mouere¹
1014 2927 1102 2992 deos.

319 3057 401 3121 quae
423 3037 485 3100 tibi
507 3059 548 3099 ne
571 3037 694 3119 desint,
717 3037 800 3100 bene
822 3059 880 3124 per
902 3037 987 3100 mala
1008 3047 1119 3101 nostra
1142 3047 1291 3103 cauetur:

237 3175 300 3182 ——...

301 3241 332 3290 81
353 3242 520 3292 cumom.A
542 3238 554 3307 ΙΙ
578 3259 638 3292 cum
656 3243 913 3309 grandicmagno
935 3245 1037 3294 cumE
1089 3248 1121 3296 82
1139 3261 1192 3294 nec
1210 3261 1263 3309 quo
1283 3243 1371 3312 siat!

241 3313 323 3372 cupat
339 3308 433 3358 ledere
451 3309 475 3358 A
494 3311 589 3375 cupias
607 3313 629 3360 F
646 3311 657 3376 Η
678 3312 749 3361 liuor
768 3312 839 3363 CGL
860 3314 929 3362 liuor
946 3311 970 3362 l’
990 3329 1080 3362 rumor
1099 3314 1120 3361 E
1140 3314 1211 3362 liuor
1230 3315 1374 3378 Zinzerliny

233 3392 314 3439 prom.
335 3379 391 3426 erit.
410 3394 433 3428 c.
453 3380 485 3426 41
504 3379 540 3430 Η,
593 3382 627 3430 84
644 3385 675 3428 ut
693 3381 731 3430 sis
750 3396 797 3444 pro
816 3383 917 3430 nostris
930 3381 975 3444 Οψ
992 3377 1003 3446 ΙΙ
1027 3381 1218 3431 ambiciosaB
1271 3385 1312 3457 85-
1323 3382 1374 3430 tel·

235 3511 294 3562 lure
311 3514 359 3577 Εψ
378 3511 491 3579 regione*
508 3513 532 3562 A
583 3515 616 3564 86
630 3515 725 3565 clausa
738 3517 852 3581 orosa
869 3512 880 3580 Η
895 3516 945 3564 illa
964 3513 1034 3578 tuiti
1053 3467 1137 3564 uppiss
1190 3517 1222 3565 87
1241 3461 1371 3565 εεέιΝτειιῖι

234 3579 258 3628 A
279 3576 290 3646 ΙΙ
315 3583 641 3646 petentiuprecantiz
692 3585 725 3633 89
744 3599 875 3634 suscense
893 3585 939 3632 AF
956 3579 967 3648 [Ι
992 3583 1041 3631 eub
1056 3583 1211 3631 carmineR
1263 3585 1295 3633 90
1313 3586 1374 3634 imi-

233 3685 293 3730 tare
311 3682 335 3730 A
352 3659 462 3732 imitdre
481 3684 503 3732 B
556 3685 587 3732 91
606 3685 724 3735 sortibus
742 3686 764 3733 B
785 3683 796 3751 ΙΙ
817 3686 921 3734 tibicen
944 3686 965 3733 F
990 3679 1001 3748 ΙΙ
1027 3699 1056 3748 so
1076 3685 1220 3748 suoqueF
1274 3687 1306 3735 92
1324 3701 1374 3750 pu-

235 3751 345 3814 gnantis
364 3751 388 3800 A
406 3755 561 3816 pugnantes
579 3768 600 3801 π
668 3755 701 3803 93
724 3752 747 3802 l'
767 3756 856 3818 pietas
873 3753 937 3817 Εεψ
961 3753 1070 3803 bonitas
1093 3771 1108 3803 τ
1132 3753 1143 3818 ΙΙ
1166 3769 1255 3803 uersas
1278 3757 1320 3804 93.
1340 3758 1374 3804 94

234 3900 280 3935 om.
298 3885 320 3934 F
390 3888 423 3936 94
440 3887 527 3937 uirtus
545 3837 615 3936 affl
632 3888 654 3936 Β
673 3889 761 3937 uirtus
779 3892 808 3937 in
831 3905 859 3938 re
878 3907 893 3940 τ
917 3893 1017 3940 ‘uersus
1039 3892 1128 3940 merito
1151 3901 1282 3953 suspectus
1304 3892 1372 3939 milzi'

234 3953 271 4002 H.
289 3948 301 4019 ss
316 3952 366 4010 sed
383 3958 472 4004 uirtus
490 3956 542 4004 tibi
560 3955 596 4004 sit
614 3961 678 4006 coni.
690 3956 827 4006 Burmann.
875 3961 907 4008 95
925 3973 979 4006 non
992 3958 1015 4007 A
1027 3974 1079 4008 nec
1092 3956 1346 4024 dBCDEsFGLNP
1359 3954 1371 4022 Η

235 4021 381 4071 amahonia
399 4024 421 4071 B
441 4024 625 4072 amaconiaP
649 4021 660 4088 Η
685 4030 727 4074 est
749 4043 796 4076 om.
816 4026 865 4076 FG
888 4024 900 4092 ΙΙ
924 4025 1036 4076 surirdea
1054 4028 1077 4075 A
1100 4024 1112 4091 Η
1135 4028 1238 4076 secutis
1262 4025 1284 4072 P
1341 4027 1373 4075 96

235 4171 353 4208 excussa
366 4157 414 4222 Οψ
433 4115 542 4208 eepcepzssaa
555 4175 568 4211 ε
583 4156 596 4226 H
611 4163 760 4227 petendae
779 4161 899 4211 tenenda
917 4179 933 4212 c
984 4165 1016 4212 97
1035 4177 1068 4210 ne
1087 4177 1142 4210 non
1160 4162 1184 4209 D
1203 4165 1232 4208 ut
1251 4176 1305 4210 non
1323 4176 1339 4210 τ

234 4226 268 4274 99
287 4227 401 4277 lacrimo
419 4226 443 4275 A
466 4223 479 4292 [l
500 4225 585 4291 figent
603 4231 627 4279 A
644 4231 713 4280 fiant
729 4231 776 4281 FN
830 4233 926 4281 locut
945 4230 972 4279 ε2
993 4230 1086 4278 audP
1140 4231 1188 4279 101
1207 4244 1261 4278 non
1281 4229 1374 4280 desint

235 4291 256 4340 P
277 4291 288 4357 ΙΙ
313 4301 412 4346 caueto
431 4293 591 4346 caroasco

236 4407 438 4418 ..mn—*-

320 4471 359 4529 82
382 4473 454 4530 liuor
475 4473 509 4530 H
570 4474 610 4532 94
634 4478 716 4531 uncis
730 4477 797 4530 incl.
821 4472 853 4529 H
