3326 5182
686 467 895 519 PRAEFATIO.
1273 474 1362 522 XXIX

220 619 273 704 ΙΙ,
298 621 333 701 8,
356 620 407 685 36.
432 621 489 703 763
513 619 565 704 II,
589 621 624 702 9,
647 621 677 686 5.
701 623 752 686 37.
775 623 833 706 593
863 623 915 705 ΙΙ,
942 624 996 706 10,
1019 624 1050 688 4.
1078 624 1150 713 31],
1181 627 1215 689 in
1244 629 1360 690 ceteris

219 730 377 794 librorum
405 729 676 816 interpolatorum
698 732 822 795 assecla
844 742 904 797 est.

303 856 374 920 Iam
390 865 560 942 postquam
573 856 702 922 codices
719 879 854 944 quorum
871 857 1069 925 conlationes
1085 883 1183 947 penes
1200 885 1258 926 nos
1275 873 1360 945 sunt,
1412 938 1416 952 ι

219 976 256 1032 ut
277 968 440 1054 potuimus
463 965 695 1053 descripsimus
719 967 984 1055 singulorumque
1006 992 1088 1055 quae
1110 972 1153 1034 sit
1172 973 1359 1055 auctoritas,

221 1078 366 1146 breuiter
385 1097 546 1161 exponere
570 1079 676 1142 conati
699 1100 825 1161 sumus,
849 1087 950 1142 restat
972 1089 1009 1143 ut
1031 1102 1112 1166 quae
1132 1081 1217 1144 inter
1232 1079 1360 1145 codices

219 1188 301 1250 ratio
327 1184 509 1250 intercedat
538 1195 569 1250 et
597 1197 754 1272 quatenus
783 1189 868 1251 inter
893 1210 928 1252 se
950 1187 1002 1251 uel
1025 1191 1199 1276 propinqui
1222 1191 1287 1254 sint
1308 1189 1361 1257 uel

220 1295 365 1383 dispares
387 1295 591 1380 indagemus.
631 1296 732 1360 Cuius
762 1295 961 1383 quaestionis
989 1321 1146 1363 summam
1176 1322 1273 1387 supra
1295 1301 1362 1362 iarn

219 1405 395 1470 indicatam
423 1415 458 1470 ut
485 1407 597 1492 paucis
626 1405 952 1493 comprehendamus,
982 1407 1046 1473 duo
1073 1409 1140 1473 sere
1164 1419 1238 1474 sunt
1260 1409 1359 1474 libro-

219 1538 290 1578 rum
322 1513 469 1596 ordines,
510 1538 645 1602 quorum
678 1515 761 1580 alter
793 1518 848 1604 qui
886 1517 1069 1602 fragmento
1101 1518 1360 1606 Guelferbytano

219 1625 374 1713 librisque
407 1625 653 1711 Hamburgensi
687 1635 719 1690 et
748 1627 907 1692 Bauarico
942 1627 1083 1692 efficitur
1110 1630 1145 1692 in
1171 1630 1360 1693 uniuersum

218 1738 378 1821 integram
400 1723 543 1800 seruauit
564 1746 679 1823 poetae
694 1738 888 1819 orationem,
911 1731 993 1800 alter
1015 1739 1071 1825 qui
1092 1737 1185 1803 libris
1207 1735 1360 1802 BODEF

219 1846 401 1910 GLNOPR
421 1847 738 1932 Heinsi'anorumque
759 1844 915 1928 librorum
941 1846 1091 1913 conluuie
1112 1831 1239 1912 constat
1260 1849 1358 1911 inter-

218 1955 398 2042 polatorum
420 1977 552 2042 operam
575 1967 727 2043 expertus
750 1965 809 2020 cst.
847 1956 1108 2021 Fundamentum
1123 1967 1231 2021 autem
1246 1959 1281 2020 in
1296 1979 1359 2042 quo

217 2065 463 2152 interpolatores
485 2061 683 2148 niterentur,
708 2068 736 2130 si
757 2065 836 2152 quid
857 2066 971 2148 uideo,
994 2088 1058 2130 non
1081 2066 1171 2131 aliud
1186 2067 1248 2131 fuit
1263 2089 1359 2153 quam
1386 2137 1390 2146 ¹

218 2174 301 2239 liber
319 2175 562 2261 Hamburgensi
585 2175 779 2241 simillimus.
818 2174 916 2255 Quod
937 2186 974 2240 ut
996 2199 1054 2262 pro
1078 2186 1165 2241 certo
1187 2175 1358 2254 affirmem,

217 2284 297 2349 facit
325 2295 512 2350 cunctorum
540 2285 697 2351 librorum
725 2287 834 2373 eisin
861 2284 941 2350 locis
969 2285 1087 2372 quibus
1115 2288 1147 2350 A
1177 2285 1359 2373 corruptela

217 2394 325 2481 aliqua
346 2394 473 2460 laborat
495 2417 671 2461 consensus
695 2387 872 2479 eiusmodi,
895 2404 932 2460 ut
953 2396 995 2462 ab
1019 2397 1065 2462 eis
1088 2397 1221 2483 quaein
1236 2397 1267 2461 A
1283 2405 1358 2460 sunt

217 2504 399 2571 emendatio
426 2506 571 2592 profecta
599 2527 670 2570 esse
697 2504 859 2569 uideatur.
903 2505 1110 2570 Emendandi
1132 2514 1242 2569 autem
1264 2528 1357 2570 cona·

217 2623 269 2678 tus
299 2617 354 2702 qui
382 2616 460 2680 facti
486 2625 561 2680 sunt
583 2615 625 2679 ad
647 2638 746 2681 unum
768 2614 837 2680 fere
859 2615 1023 2680 hominem
1044 2615 1231 2680 referendos
1254 2615 1357 2680 credi-

218 2723 330 2788 derim.
386 2725 510 2790 Tantus
548 2726 650 2808 enim,
688 2726 735 2790 cis
769 2725 915 2813 exceptis
948 2747 1030 2811 quae
1063 2727 1358 2790 recentissimorum

217 2832 375 2899 librorum
396 2835 575 2923 peculiaria
596 2845 686 2918 sunt,
711 2836 853 2900 omnium
875 2835 944 2898 fere
967 2835 1202 2922 exemplarium
1224 2857 1356 2899 consen-

217 2966 271 3007 sus
300 2955 349 3010 est
377 2955 516 3032 quantus
544 2945 640 3011 aliter
667 2945 738 3009 fieri
765 2946 824 3009 uix
851 2946 967 3033 potuit.
1016 2946 1120 3032 Atqui
1147 2946 1236 3032 ipsa,
1264 2955 1356 3032 quot-

217 3064 294 3140 quot
322 3056 524 3142 discrepant,
553 3057 599 3120 ita
628 3065 704 3120 sunt
732 3066 905 3143 conparata
932 3064 969 3120 ut
996 3054 1236 3143 interpolatoris
1259 3057 1357 3143 primi
1381 3044 1383 3050 ¹

217 3165 428 3249 cogitationes
456 3174 621 3231 mutentur
648 3165 795 3253 quidem,
824 3189 889 3231 non
916 3165 1080 3231 tollantur.
1124 3167 1245 3231 Eorum
1275 3189 1357 3253 quae

216 3274 288 3339 dixi
321 3275 516 3340 documenta
546 3287 583 3341 ut
617 3286 725 3342 essent
758 3299 813 3341 eos
841 3278 979 3363 seligere
1007 3276 1130 3364 placuit
1159 3277 1262 3359 locos,
1301 3277 1357 3364 qui

214 3387 286 3472 ipsa
314 3385 533 3473 discrepantia
561 3387 675 3451 eodem
703 3409 830 3451 omnem
858 3386 1070 3452 fundamento
1099 3387 1160 3450 niti
1182 3386 1355 3472 interpola-

214 3497 336 3559 tionem
358 3496 582 3591 ostenderent:
726 3500 728 3506 '

298 3640 380 3724 1,2‚
399 3641 457 3705 101
480 3641 542 3705 sub
565 3663 602 3706 eo
625 3641 673 3706 sic
695 3642 738 3706 sit
759 3640 890 3729 publice
913 3650 1073 3706 saroterra
1094 3639 1126 3704 A

481 3751 601 3816 subeo
625 3749 746 3839 [coest
772 3750 870 3816 ΒΕΘ
893 3752 939 3818 eis
963 3751 1000 3840 P]
1025 3753 1073 3816 sic
1096 3751 1138 3816 sit
1161 3750 1222 3816 sub
1247 3773 1355 3816 cesare

434 3841 437 3846 ’
567 3872 655 3926 terra
676 3861 914 3944 accarone

480 3971 541 4036 sub
564 3994 601 4037 co
624 3973 667 4036 sit
689 3971 821 4058 publica
844 3973 970 4038 sarcina
996 3982 1081 4037 terre
1102 3975 1130 4038 L

480 4082 541 4146 sub
565 4103 602 4146 eo
625 4083 669 4147 sit
690 4081 822 4168 publica
845 4085 972 4148 sarcina
992 4105 1101 4147 rerum
1125 4081 1220 4167 eEpr.
1245 4104 1274 4144 u.
1298 4079 1320 4144 l.

482 4237 502 4315 .’
514 4299 651 4318 .....
676 4252 803 4316 sarcina
818 4187 1118 4339 publicaltrdiidXto
1130 4259 1353 4344 moropaul.
1437 4333 1438 4338 ἵ

299 4361 331 4444 Ι,
348 4363 379 4444 2,
397 4363 456 4427 127
479 4361 581 4426 multa
602 4371 691 4426 metu
714 4383 817 4448 poena
840 4363 895 4447 qui
916 4381 1020 4448 pauca
1042 4369 1169 4424 coercet
1190 4362 1222 4425 A

479 4471 580 4538 multa
601 4481 690 4537 metu
711 4493 794 4560 pene
816 4492 900 4559 pena
921 4472 978 4558 qui
999 4494 1030 4558 p.
1055 4493 1082 4536 c.
1106 4471 1166 4538 FN
