3308 5184
286 407 351 475 146
763 423 812 473 ex
831 422 948 474 rouro

310 584 352 640 20
416 575 536 660 quique
557 599 617 640 sua
637 599 755 642 nomen
775 577 929 663 Phyllide
950 577 1076 640 Tuscus
1098 575 1217 638 habet:

373 681 570 770 ueliuolique
590 687 689 751 maris
712 697 819 768 uates,
841 687 894 750 cui
916 685 1049 749 credere
1069 686 1175 770 possis

414 795 559 857 carmina
580 795 744 862 caeruleos
766 797 975 882 conposuisse
996 795 1091 858 deos:

374 903 493 989 quique
513 906 600 968 acies
621 907 765 993 Libycas
787 907 997 990 Romanaque
1018 902 1143 990 proelia
1164 903 1267 967 dixit:

416 1021 449 1076 et
470 1014 584 1101 scripti
605 1017 730 1080 Marius
753 1015 870 1080 dexter
891 1016 926 1078 in
947 1035 1041 1078 omne
1061 1034 1181 1098 genus:

310 1130 350 1186 25
372 1122 625 1210 Trinacriusque
647 1147 724 1190 suae
737 1127 755 1163 *
776 1123 949 1188 Perseidos
970 1133 1099 1206 auctor,
1123 1132 1156 1186 et
1176 1131 1292 1186 auctor

416 1233 608 1298 Tantalidae
629 1235 758 1299 reducis
780 1233 1052 1322 Tyndaridosque
1073 1233 1203 1319 Lupus:

374 1353 406 1407 et
428 1345 484 1429 qui
505 1343 688 1409 Maeoniam
709 1345 894 1408 Phaeacida
914 1345 1030 1426 uertit,
1054 1352 1086 1407 et
1106 1364 1171 1406 una

415 1453 608 1517 Pindaricae
629 1455 749 1518 fidicen
770 1463 807 1518 tu
828 1477 972 1541 quoque,
994 1453 1097 1534 Rufe,
1120 1451 1228 1537 lyrae:

374 1563 535 1650 Musaque
557 1564 697 1628 Turrani
719 1566 853 1648 tragicis
875 1565 991 1628 innixa
1012 1562 1177 1628 cothurnis
1184 1611 1195 1644 ‚

310 1682 351 1738 30
415 1684 447 1737 et
467 1683 524 1738 tna
546 1694 620 1736 cum
641 1697 734 1739 socco
756 1675 868 1755 Musa,
891 1673 1042 1756 Melisse‚
1063 1671 1144 1736 leui:

372 1806 446 1849 cum
467 1784 586 1848 Varius
610 1783 842 1870 Gracchusque
864 1783 979 1848 darent
1000 1784 1070 1846 fera
1092 1781 1181 1845 dicta
1201 1785 1367 1869 tyrannis,

417 1893 606 1958 Callimachi
628 1893 784 1960 Proculus
806 1894 902 1959 molle
922 1903 1047 1959 teneret
1067 1895 1146 1956 iter:

375 2005 515 2091 Tityron
535 2006 687 2090 antiquas
709 2027 886 2092 passerque
908 2004 1032 2069 rediret
1052 2002 1095 2066 ad
1116 2001 1234 2066 herbas
1257 2041 1299 2051 —

412 2124 552 2201 aptaque
572 2116 707 2179 uenanti
730 2113 864 2179 Gratius
885 2137 976 2178 arma
997 2114 1104 2178 daret:

312 2229 351 2289 35
374 2223 497 2289 Naidas
519 2245 539 2286 a
562 2225 681 2310 satyris
705 2234 834 2288 caneret
854 2225 1022 2289 Fontanus
1045 2232 1185 2304 amatas,

353 2383 386 2431 20
404 2396 482 2430 suum
501 2379 525 2428 G
548 2375 560 2444 ΙΙ
583 2383 676 2429 tuscus
700 2379 815 2444 phillida
836 2377 909 2446 [PL]
929 2395 1028 2430 nomen
1050 2380 1072 2429 P
1096 2393 1150 2447 nen
1170 2383 1265 2429 tuscus
1287 2379 1310 2428 F
1332 2383 1425 2431 trocus

286 2448 311 2499 N
328 2452 404 2497 tutus
424 2445 451 2498 e²
500 2449 532 2496 21
551 2451 630 2496 uates
648 2451 673 2496 in
691 2463 770 2512 mara.
789 2449 811 2496 P
834 2445 846 2514 Η
868 2450 956 2512 possis
969 2447 1010 2512 βψ
1022 2449 1059 2496 H.
1078 2462 1173 2512 posses
1187 2445 1399 2498 CDEFGLeNP
1411 2445 1423 2513 ll

285 2531 384 2566 nomen
411 2517 476 2565 coni.
503 2515 613 2565 Merkel.
640 2518 677 2565 ud
704 2516 744 2567 lb.
771 2533 798 2579 p.
824 2519 875 2564 377
943 2518 977 2566 24
1003 2517 1122 2579 scriptor
1148 2515 1252 2563 mariue
1279 2513 1296 2579 β
1323 2517 1424 2564 marius

284 2579 809 2717 tiitfttttftitMittit.
824 2582 1158 2717 itttttftt‘fa
1176 2583 1239 2716 ii
1276 2585 1425 2700 stitit

285 2756 362 2802 actor
380 2752 451 2802 CLL
474 2756 570 2802 auctor
589 2757 616 2802 et
634 2726 713 2803 adtor
732 2750 761 2817 [u
774 2755 804 2802 in
821 2750 888 2818 rau]
916 2754 939 2802 P
961 2752 1058 2802 ductor
1076 2757 1105 2802 et
1123 2755 1220 2802 auctor
1238 2765 1251 2801 e
1320 2753 1353 2801 26
1372 2753 1424 2802 tin·

285 2820 442 2885 daridisque
456 2819 605 2870 CDEGLN
617 2821 856 2886 tindaridesqueF
873 2819 884 2887 Η
900 2822 940 2870 hic
959 2822 1076 2883 defieitP
1124 2823 1156 2870 27
1175 2820 1302 2869 meoniau
1322 2820 1423 2883 EGLq

285 2889 459 2938 maeonidem
477 2887 498 2936 D
516 2889 680 2938 maeonidae
698 2892 762 2941 coni.
781 2889 906 2952 Sculiyer.
923 2885 935 2954 [Ι
952 2887 1114 2953 ecateidaqi
1133 2888 1232 2937 eacida
1249 2887 1272 2936 L
1291 2886 1424 2952 pheatida

283 2956 308 3005 N
354 2958 402 3005 uni
415 2955 442 3022 β1
462 2957 515 3028 ime
528 2957 550 3006 P
563 2971 617 3006 une
630 2959 694 3008 coni.
707 2958 848 3020 Roepemrs.
895 2958 927 3006 28
945 2956 1090 3020 pindariae
1105 2957 1128 3005 G
1140 2954 1283 3020 pindaride
1295 2955 1424 3018 phidicen

284 3023 312 3073 G·
352 3023 419 3073 ruffe
432 3023 457 3074 G
503 3025 535 3073 29
554 3026 645 3074 turoni
659 3026 682 3074 G
700 3025 822 3073 taratani
835 3025 860 3074 N
878 3024 981 3072 traiani
998 3025 1021 3072 P
1039 3023 1136 3073 turalli
1153 3023 1176 3071 L
1193 3019 1205 3088 ΙΙ
1221 3024 1323 3072 innexa
1336 3039 1367 3074 ετ
1383 3025 1425 3072 in-

284 3090 405 3140 mixtae
451 3093 484 3141 30
496 3091 605 3140 molisse
618 3092 665 3140 LP
677 3092 783 3141 melisei
795 3109 811 3141 r
829 3091 973 3141 modoseN
989 3090 1143 3156 propertiO
1162 3091 1283 3140 Politian.
1296 3096 1425 3155 proter'uc

285 3158 308 3207 G
325 3155 336 3223 l}
352 3157 422 3208 leuis
441 3156 649 3222 conuenerit>
667 3160 724 3209 leui
742 3177 755 3209 e
774 3161 838 3211 coni.
858 3159 961 3208 Habuit
977 3157 1016 3207 M.
1061 3161 1093 3209 31
1112 3159 1205 3208 uarius
1223 3156 1323 3223 {3²qu
1340 3175 1424 3209 uarus

285 3223 413 3291 fflncnn
432 3229 514 3274 uatus
533 3227 556 3274 L
576 3227 678 3277 marius
698 3243 710 3277 ε
733 3223 745 3293 ΙΙ
768 3232 915 3292 gratusque
935 3225 1015 3276 LeNr
1034 3241 1184 3290 gracusque
1203 3225 1225 3274 P
1245 3222 1257 3291 11
1285 3227 1424 3290 parentC
1531 3245 1533 3250 ·

283 3294 409 3355 tyrannis
427 3291 444 3358 β
463 3300 488 3342 ct
500 3308 514 3341 e
527 3295 591 3342 coni.
612 3295 648 3344 H.
666 3297 777 3359 tyranni
790 3293 955 3344 ODEGLeN
971 3295 1114 3359 tirampnis
1133 3295 1155 3342 P
1173 3295 1208 3355 cs.
1227 3294 1340 3344 Ribbeck
1358 3303 1424 3358 trap.

284 3363 329 3411 iat.
346 3363 402 3414 rell.
420 3377 448 3425 p.
469 3362 529 3410 349.
553 3362 685 3411 Weiclzert
702 3365 733 3412 de
755 3364 818 3412 Vur.
837 3369 862 3412 et
880 3361 951 3411 Casa.
970 3377 996 3425 p.
1017 3364 1051 3410 73
1102 3363 1134 3412 32
1152 3361 1299 3412 calimuehi
1316 3364 1339 3413 P
1391 3366 1424 3414 33

545 3425 560 3465 l·
575 3427 689 3468 recubasse
702 3426 809 3467 refertust
822 3432 843 3466 ct
856 3429 901 3466 erat
915 3425 953 3476 qui
965 3425 1078 3477 gigneret²

283 3479 387 3543 tityron
406 3479 536 3542 antiquas
554 3495 705 3545 passerque
724 3482 828 3530 rediret
851 3480 885 3530 ad
908 3479 1008 3529 herbas
1094 3477 1111 3544 β
1130 3479 1230 3542 tytirus
1254 3477 1371 3545 (tityron
1389 3481 1423 3547 C)

283 3548 411 3612 antiquas
430 3551 458 3597 et
477 3553 537 3596 erat
557 3549 602 3612 qui
620 3553 749 3613 pasceret
766 3547 867 3598 herbas
886 3545 1003 3610 CDEpr.
1023 3565 1047 3599 u.
1065 3549 1112 3598 tu
1125 3549 1162 3600 H.
1180 3551 1239 3598 ta.
1254 3564 1278 3598 e.
1294 3565 1318 3598 e.
1338 3565 1363 3614 q.
1383 3550 1423 3599 di-

285 3621 360 3664 ceret
377 3615 404 3669 h.
423 3616 446 3664 P
464 3615 559 3664 titiron
578 3632 603 3667 a.
624 3633 647 3666 e.
668 3634 690 3671 e.
711 3631 736 3680 q.
755 3617 862 3666 uiueret
874 3615 900 3664 h.
916 3630 929 3665 ε
946 3615 1060 3678 tityrum
1078 3620 1107 3666 et
1125 3617 1254 3680 antiquas
1272 3618 1423 3668 recubasse

283 3682 399 3732 referret
417 3682 451 3730 ad
470 3683 580 3732 umbras
599 3685 621 3732 E
636 3689 655 3733 t.
670 3689 698 3734 et
711 3700 735 3736 a.
755 3683 903 3733 recubasse
922 3682 1040 3732 refertur
1058 3683 1093 3732 ad
1111 3683 1212 3734 herbas
1229 3683 1254 3734 N
1271 3686 1422 3736 recubasse

283 3751 401 3799 referret
419 3750 454 3798 ad
473 3765 537 3799 aras
555 3768 571 3800 τ
590 3749 611 3799 l’
636 3757 696 3801 erat
719 3751 765 3816 qui
783 3751 948 3815 gigneretur
971 3751 1071 3814 tityrus
1090 3755 1217 3801 aeternos
1240 3757 1355 3802 caneret
1377 3754 1424 3818 qui

282 3822 409 3880 procreet
435 3817 535 3868 herbas
553 3835 569 3868 τ
598 3819 710 3882 Tityrus
730 3819 852 3880 antiquis
879 3821 1059 3882 armentaque
1086 3822 1212 3884 pasceret
1237 3819 1330 3870 herbis
1357 3823 1423 3874 coni.

287 3884 394 3948 Withof.
415 3885 531 3948 Tityron
555 3890 650 3952 aprica
672 3887 851 3936 recubantem
868 3890 1004 3950 pangeret
1021 3886 1118 3936 umbra
1135 3889 1176 3936 uel
1192 3887 1309 3950 Tityron
1326 3889 1423 3954 aprica

283 3952 431 4002 recubasse
455 3953 573 4004 referret
591 3955 619 4002 in
636 3955 733 4002 umbra
751 3957 792 4003 nel
813 3953 928 4016 Tityron
947 3955 1055 4018 apricus
1074 3955 1224 4004 recubasse
1247 3955 1365 4007 referret
1387 3957 1422 4007 ad

281 4019 391 4070 umbras
403 4023 444 4070 uei
460 4021 547 4071 undas
564 4023 629 4072 cuni.
642 4021 680 4070 H.
691 4023 754 4084 sort.
769 4021 882 4082 Tityrus
895 4023 1025 4084 antiquas
1037 4027 1185 4087 pastorque
1198 4023 1301 4074 rediret
1313 4025 1349 4074 ad
1360 4025 1421 4075 her-

281 4085 333 4135 bas
351 4091 392 4140 etl.
416 4090 513 4152 Vergit.
531 4093 576 4140 ecl.
593 4089 642 4144 VI,
661 4091 702 4140 45.
721 4089 772 4144 ΙΧ,
791 4091 827 4137 23
836 4105 875 4154 sq.
895 4090 1011 4153 Tityron
1028 4090 1207 4155 Andinasqus
1226 4096 1301 4142 esset
1319 4093 1366 4158 qui
1383 4093 1422 4142 di-

283 4159 360 4204 ceret
377 4155 403 4208 h.
422 4158 485 4206 coni.
505 4157 637 4220 Roeperus
688 4158 721 4206 34
741 4155 853 4219 altaque
871 4158 894 4206 E
918 4153 930 4223 [1
951 4159 1074 4208 uenandi
1084 4158 1160 4222 Duo
1213 4162 1246 4211 35
1264 4159 1363 4211 naidas
1381 4159 1421 4226 βΡ

282 4221 399 4271 naiades
417 4222 517 4273 DEGL
537 4222 653 4274 nuiadas
670 4222 718 4274 NG
737 4219 750 4290 ll
774 4240 790 4272 a
808 4240 854 4274 om.
873 4225 923 4275 LN

366 4353 403 4408 21
428 4369 526 4408 nomen
549 4356 581 4410 M
651 4353 690 4410 24
713 4352 810 4410 Marius
836 4358 928 4431 scripti
950 4358 1016 4415 HM
1081 4359 1119 4416 31
1144 4359 1228 4416 Varus
1252 4359 1316 4417 HM
1379 4361 1419 4419 33

282 4433 388 4508 'lityrus
412 4438 533 4509 antiquas
556 4447 583 4492 et
606 4445 663 4492 erut
686 4441 731 4514 qui
754 4450 875 4513 pasceret
898 4441 993 4498 herhas
1016 4444 1083 4501 HM
