3322 5186
313 430 354 494 66
785 445 833 494 nx
854 440 971 495 'rouro

396 599 559 664 fortunam
582 598 675 663 decet
696 598 757 664 hoc
779 600 891 664 istam:
915 621 997 686 quae
1019 601 1163 664 maxima
1185 623 1258 665 cum
1282 603 1340 686 sit,

439 701 510 773 esse
532 719 639 795 potest
661 711 768 773 animo
790 709 850 774 uix
870 718 979 773 tamen
1000 719 1193 797 acqua-tuo.

335 826 372 883 15
397 820 597 904 conspicitur
617 841 793 904 numquam
815 817 948 883 meliore
962 822 1106 906 potentia
1127 842 1239 904 causa,

380 995 382 999 ,
439 950 534 1014 quam
557 929 706 1015 quotiens
729 947 829 991 uanas
852 951 917 993 non
939 929 1017 993 sinit
1039 951 1110 994 esse
1132 951 1255 1016 preces,

395 1037 457 1102 hoc
478 1037 573 1101 nitor
587 1039 649 1102 iste
671 1038 719 1101 tui
741 1038 870 1121 generis
893 1037 1073 1122 desiderat,
1097 1039 1158 1104 hoc
1180 1050 1229 1104 est

437 1169 456 1210 a
479 1148 604 1232 superis
628 1156 717 1211 ortae
738 1145 919 1211 nobilitatis
943 1169 1039 1234 opus:

395 1256 456 1322 hoc
477 1255 540 1320 tibi
563 1265 594 1319 ot
616 1254 811 1341 Eumolpus,
835 1259 963 1340 generis
986 1256 1186 1323 clarissimus
1208 1268 1336 1341 auctor,

336 1371 376 1430 20
441 1375 473 1429 et
494 1367 583 1452 prior
605 1363 765 1458 Eumolpo
789 1364 903 1429 suadet
926 1365 1174 1430 Erichthonius:

393 1475 455 1539 hoc
476 1483 583 1538 tecum
605 1497 774 1538 commune
796 1474 857 1538 deo
863 1523 872 1556 ,
896 1474 983 1560 quod
1004 1484 1140 1562 uterque
1162 1479 1268 1562 rogati

437 1583 640 1671 supplicibus
663 1586 782 1648 uestris
805 1584 890 1648 ferre
913 1584 1023 1649 soletis
1046 1608 1150 1673 opem.

393 1692 553 1780 numquid
576 1694 652 1775 erit,
677 1715 775 1778 quare
798 1691 893 1757 solito
916 1694 1087 1779 dignemur
1109 1696 1228 1760 honore

434 1805 584 1884 numina,
609 1803 638 1865 si
661 1803 773 1866 demas
795 1802 880 1866 uelle
901 1804 1015 1867 iuuare
1037 1804 1138 1870 deos?

331 1920 370 1977 25
393 1913 544 2000 Iuppiter
566 1914 672 1976 oranti
696 1912 810 1976 surdas
835 1909 863 1976 si
884 1912 1039 1999 praebeat
1059 1916 1147 1978 auris
1154 1963 1163 1997 ‚
1270 1973 1277 1978 ,

436 2023 570 2086 uictima
592 2003 651 2108 pro
674 2020 795 2108 templo
819 2044 875 2085 cur
897 2022 992 2086 cadat
1014 2023 1080 2087 icta
1101 2023 1216 2088 Iouis?

397 2133 425 2195 si
447 2153 560 2216 pacem
582 2129 704 2194 nullam
726 2140 844 2218 pontus
866 2132 947 2196 mihi
969 2141 1113 2218 praestet
1136 2123 1240 2216 eunti,

435 2241 535 2303 inrita
556 2240 709 2326 Neptuno
732 2263 789 2303 cur
808 2262 868 2326 ego
890 2250 963 2305 tura
985 2241 1111 2305 feram?

394 2371 480 2412 uana
502 2347 680 2413 laborantis
700 2351 733 2414 ,si
755 2347 848 2414 fallat
868 2361 945 2426 uota
961 2349 1082 2435 coloni,

334 2467 374 2524 30
438 2459 580 2546 accipiat
602 2459 760 2542 grauidae
782 2481 839 2524 cur
861 2445 928 2524 suis
952 2469 1028 2524 exta
1051 2460 1172 2526 Ceres?

394 2589 454 2633 nec
477 2567 569 2632 dabit
591 2571 719 2634 intonso
741 2567 890 2654 iugulum
913 2592 1009 2656 caper
1029 2571 1136 2634 hostia
1158 2571 1301 2654 Baccho,

435 2687 542 2741 musta
565 2679 625 2742 sub
647 2677 789 2746 adducto
811 2680 840 2744 si
861 2679 944 2765 pede
966 2679 1054 2744 nulla
1075 2681 1186 2746 fluent.

587 2867 634 2896 cum
649 2855 677 2896 sit
834 2896 837 2901 ,

377 2913 407 2960 13
421 2909 526 2975 haeep
550 2906 561 2976 Η
585 2911 728 2976 crescitF
776 2901 823 2962 x14
840 2911 888 2960 uix
907 2911 1009 2961 satist
1033 2907 1045 2978 Η
1067 2916 1134 2977 apta
1152 2913 1191 2963 Fa
1214 2909 1226 2980 Η
1253 2928 1301 2962 suo
1319 2912 1366 2962 AB
1419 2914 1450 2963 15

309 2979 446 3040 aspicitur
464 2979 512 3027 FL
566 2979 597 3026 16
616 2994 730 3042 praeces
748 2979 772 3028 A
830 2982 860 3029 17
879 2978 926 3028 ille
943 2980 992 3040 Ep
1015 2976 1027 3045 Η
1049 2981 1074 3029 in
1092 2983 1204 3046 marytre
1222 2983 1318 3032 codicis
1336 2981 1357 3029 B
1375 2984 1449 3031 solito

307 3045 443 3094 maioribus
462 3047 543 3094 literis
561 3046 624 3094 haec
641 3046 760 3109 adpicta:
785 3049 857 3100 aeu
927 3049 958 3096 19
978 3048 1119 3112 eumolpus
1139 3049 1238 3098 suadet
1257 3049 1408 3098 erictonius
1426 3049 1450 3097 A

473 3125 558 3176 generis
573 3123 703 3164 clarissimus
718 3126 805 3165 auctorss

310 3178 449 3242 eumolpus
468 3193 535 3242 opus
554 3179 606 3227 hoc
626 3179 726 3228 suadet
746 3183 808 3229 erat
826 3178 843 3245 β
863 3181 1024 3246 eumolphus
1041 3183 1064 3232 F
1084 3183 1219 3233 eumolfus
1238 3184 1260 3231 P
1284 3181 1295 3249 Η
1318 3184 1447 3248 gratissi-

307 3311 366 3344 mus
386 3295 406 3344 C
430 3291 442 3360 Η
463 3259 541 3344 ¹allator
559 3295 581 3342 F
600 3297 718 3345 actorL
790 3300 823 3348 20
840 3298 915 3362 prius
934 3300 958 3347 D
980 3295 994 3364 Η
1023 3299 1165 3364 eumolpho
1184 3301 1231 3350 ΡΒ
1255 3300 1373 3350 eumolfo
1391 3302 1413 3350 P
1433 3297 1448 3367 Η

310 3364 459 3412 erictonius
472 3362 518 3412 AB
538 3363 704 3411 ericthonius
717 3365 740 3413 L
793 3368 824 3414 21
842 3366 894 3415 hoc
907 3381 966 3415 cum
979 3372 1007 3416 te
1020 3385 1036 3418 τ
1055 3372 1084 3416 et
1097 3373 1186 3417 tecum
1198 3369 1222 3418 N
1237 3364 1248 3434 Η
1265 3369 1331 3418 deos
1342 3368 1366 3417 A
1384 3369 1450 3418 deus

307 3431 331 3480 N
350 3431 434 3480 decus
451 3432 473 3479 B
492 3431 543 3480 deo
556 3431 609 3480 DH
628 3431 687 3480 deis
698 3431 841 3497 EGLpRp
855 3433 908 3483 diis
919 3424 988 3482 CEP
1005 3431 1017 3500 Η
1033 3436 1179 3501 utriquerp
1226 3438 1258 3485 22
1277 3436 1365 3501 suppl.
1377 3439 1450 3487 uotis

309 3497 333 3547 G
386 3501 418 3548 23
437 3498 602 3562 numquidA
622 3499 752 3562 namquid
765 3497 1019 3565 {iBCDEFsGLNP
1040 3497 1053 3568 Η
1077 3502 1159 3552 solito
1179 3518 1262 3568 quare
1281 3521 1296 3554 τ
1319 3501 1331 3570 Η
1354 3504 1450 3568 digne-

308 3599 346 3646 ris
364 3598 385 3647 l'
405 3598 591 3662 dignenturC
615 3595 627 3666 Η
651 3575 834 3664 ᾶὶςηὲιηιιτῖ
856 3597 868 3666 Η
892 3601 1068 3666 dignamurs
1137 3605 1171 3652 24
1188 3605 1367 3655 numinac.F
1391 3599 1403 3670 Η
1426 3607 1450 3654 si

309 3681 404 3714 cernas
423 3667 461 3714 O?
484 3665 496 3731 ll
519 3667 577 3716 deis
595 3669 660 3716 coni.
679 3669 817 3717 Burmann.
866 3671 898 3718 25
916 3671 1007 3719 oranti
1024 3671 1126 3735 iupiter
1143 3673 1166 3719 F
1191 3673 1286 3721 surdas
1310 3670 1406 3722 surdas
1426 3673 1450 3722 si

307 3733 330 3781 B
344 3728 348 3798 Ι
369 3734 444 3782 auris
457 3734 480 3782 A
497 3750 576 3783 aures
588 3750 610 3783 π
656 3737 688 3784 26
703 3735 778 3786 cadit
790 3733 906 3800 pBDNp
920 3737 1000 3787 cadet
1012 3739 1060 3803 Lep
1076 3734 1088 3804 Η
1105 3738 1165 3788 ulla
1177 3739 1250 3789 Iouis
1262 3740 1284 3788 B
1328 3741 1360 3788 27
1373 3740 1450 3789 nulla

310 3801 333 3850 N
360 3797 364 3867 l
381 3802 497 3865 praebet
513 3801 580 3850 mihi
593 3807 693 3866 pontus
713 3803 733 3852 Ο
751 3802 855 3852 nullam
867 3804 934 3902 rpihi
950 3809 1051 3868 pontus
1063 3807 1088 3855 D
1106 3803 1117 3872 Η
1133 3806 1248 3870 praebet
1265 3806 1314 3857 FN
1324 3812 1452 3871 praestat

308 3916 348 3984 βΡ
365 3914 377 3984 Η
394 3935 420 3969 er
440 3915 577 3985 [iturae]
592 3918 689 3986 17⁶2er
743 3921 775 3969 28
793 3881 892 3985 neptlio
915 3918 975 3986 Γίη
991 3920 1057 3988 raa]
1082 3925 1105 3972 F
1130 3919 1141 3988 Η
1164 3899 1245 3973 thura
1268 3922 1309 3990 βΒ
1333 3925 1403 3975 dona
1426 3928 1449 3976 E

309 3985 384 4051 [uota
397 3982 424 4052 τ]
471 3989 503 4036 29
514 3987 615 4037 fallant
628 3989 653 4038 N
666 3987 767 4037 fallunt
780 3988 800 4036 C
814 3988 890 4038 fallit
900 3989 951 4038 DR
964 3989 1031 4038 fiant
1043 3993 1082 4041 Ls
1094 3987 1105 4056 Η
1119 3991 1195 4040 culta
1207 4010 1222 4042 τ
1234 3989 1247 4058 Η
1257 3991 1450 4044 laborantis-

310 4054 422 4104 colonos
446 4053 467 4103 O
495 4053 819 4106 laborantes-colonos
844 4056 869 4106 N
920 4060 953 4107 30
971 4059 1091 4123 accipiet
1114 4057 1160 4108 CR
1183 4055 1195 4126 Η
1217 4060 1330 4123 grauida
1351 4077 1451 4111 cursus

308 4127 387 4226 sextta
414 4138 490 4172 ceres
513 4122 537 4172 A
563 4139 611 4172 cur
638 4137 688 4172 sua
713 4121 829 4188 sacred
898 4127 929 4173 31
953 4133 1048 4190 nonep
1071 4122 1083 4192 Η
1112 4125 1190 4176 dabit
1216 4127 1352 4179 immerito
1379 4130 1450 4194 Fra

332 4198 417 4228 monso

307 4240 441 4290 immerito
461 4255 473 4291 ε
497 4237 509 4308 Η
531 4241 620 4292 bacho
640 4242 662 4291 B
715 4244 747 4292 32
765 4249 860 4304 nonar
883 4238 895 4309 Η
918 4243 1003 4293 fluunt
1022 4243 1067 4306 Οψ
1086 4245 1173 4295 fluant
1191 4245 1338 4298 DEFGNP

393 4429 432 4486 32
456 4429 541 4486 lluant
562 4429 595 4489 H
698 4512 702 4520 ἡ
