3326 5182
311 440 412 488 XXXII
714 461 717 468 ·
776 439 984 491 PRAEFATIO.

310 593 430 656 bitauit
453 592 507 677 [ef.
523 593 652 657 aduers.
675 594 736 658 XL
760 615 785 656 c.
804 595 853 656 12.
877 594 959 668 XLI
982 615 1009 658 c.
1026 593 1058 681 4]
1081 593 1238 659 librorum
1259 592 1336 658 fidei
1358 594 1456 659 ratio-

310 725 385 792 nem
405 725 537 789 prorsus
560 725 625 767 non
647 702 777 786 habuit,
801 704 958 768 Heinsius
975 703 1123 767 codicum
1138 705 1354 769 recentiorum
1369 704 1455 767 sace-

310 813 366 875 tiis
403 812 521 877 ductus
557 813 654 876 nimis
686 811 788 876 multa
815 815 971 896 tentauit,
1007 835 1089 900 quae
1117 812 1191 877 falsi
1214 836 1256 877 ne
1283 814 1457 900 suspitioni

311 921 442 1008 quidem
464 922 607 988 obnoxia
629 932 721 1005 sunt,
748 923 1016 1008 coniecturaeque
1038 923 1137 1004 istae,
1166 945 1361 1010 quamquam
1382 922 1455 986 ubi-

311 1054 373 1117 que
400 1033 525 1117 ingenii
554 1030 711 1116 elegantis
740 1040 815 1095 sunt
843 1031 1073 1118 doctrinaeque
1102 1033 1241 1094 eximiae
1263 1041 1383 1113 testes,
1412 1031 1455 1094 ad

227 1223 235 1236 ·
310 1151 438 1205 textum
466 1131 743 1207 conformandum
761 1141 886 1206 nullum
913 1142 982 1206 fere
1008 1164 1103 1207 usum
1126 1127 1261 1222 habent,
1290 1142 1331 1204 R.
1356 1143 1454 1205 Bent-

311 1250 393 1315 leius
417 1253 479 1316 etsi
500 1251 589 1316 haud
611 1252 657 1315 ita
678 1274 751 1317 raro
774 1253 910 1334 errauit,
937 1229 1058 1316 errauit
1079 1261 1189 1314 tamen
1211 1253 1273 1334 ita,
1297 1260 1333 1314 ut
1357 1251 1455 1314 etiam

312 1383 420 1425 errore
439 1361 564 1427 doceat.
602 1361 749 1426 Mearum
772 1363 1029 1438 coniecturarum
1052 1383 1105 1424 eas
1128 1362 1163 1424 in
1184 1369 1312 1425 textum
1334 1362 1454 1446 recepi,

312 1469 429 1558 quibus
462 1480 559 1556 poeta
592 1493 673 1555 quae
706 1473 838 1558 scripsit
868 1494 921 1534 me
952 1481 1137 1536 assecutum
1172 1493 1244 1534 esse
1276 1469 1456 1534 uerisimile

311 1580 501 1663 uidebatur,
539 1601 608 1662 eas,
644 1603 726 1667 quae
758 1584 863 1666 magis
898 1603 1043 1662 sensum,
1079 1603 1176 1667 quam
1206 1579 1308 1644 uerba
1340 1589 1456 1665 poetae

311 1691 482 1754 restituere
504 1688 710 1772 uiderentur,
733 1692 818 1756 notis
841 1691 989 1758 adiunxi.

396 1798 620 1886 Epistularum
650 1799 763 1865 titulos
792 1803 902 1882 omisi,
934 1823 999 1865 non
1027 1809 1100 1864 tam.
1125 1800 1169 1863 ad
1196 1809 1325 1886 poetam
1360 1822 1456 1887 quam
1489 1817 1491 1824 ’

310 1909 354 1973 ad
376 1908 566 1974 scholiastae
588 1909 776 1976 referendos
798 1921 899 1975 ratus.
944 1911 1117 1975 Lectiones
1141 1910 1365 1996 discrepantes
1388 1909 1455 1972 edi-

311 2021 436 2083 tionum
458 2019 588 2083 Heinsii
615 2027 647 2082 et
669 2019 824 2084 Merkelii
852 2020 1007 2106 adposui,
1038 2031 1075 2084 ut
1104 2030 1135 2084 et
1157 2029 1356 2107 quantopere
1378 2020 1455 2083 Oui-

312 2129 384 2192 dius
407 2129 607 2193 Heinsianus
635 2152 655 2192 a
682 2133 824 2215 genuina
851 2130 956 2194 forma
978 2130 1142 2217 discrepet
1165 2129 1308 2194 dilucide
1329 2130 1454 2216 perspi-

312 2240 433 2322 ciatur,
462 2248 493 2302 et
521 2239 639 2325 quibus
667 2239 747 2304 locis
774 2262 794 2303 a
816 2239 978 2305 Merkelio
1007 2240 1214 2304 discesserim
1241 2237 1370 2302 facilius
1399 2238 1455 2300 ad-

311 2357 433 2435 pareat.
472 2347 611 2413 Obelum
625 2349 823 2414 Merkelium
845 2351 990 2414 imitatus
1014 2347 1130 2412 dextro
1152 2348 1292 2433 margini
1307 2346 1455 2434 adpinxi,

310 2457 369 2522 ubi
403 2457 444 2521 de
472 2479 569 2523 uersu
596 2459 799 2523 restituendo
828 2459 1014 2546 desperaui,
1051 2456 1212 2522 stellulam
1244 2459 1290 2521 ais
1319 2456 1456 2544 adposui

311 2568 438 2649 uerbis,
472 2590 554 2656 quae
584 2563 734 2655 corrupta
768 2570 906 2654 necdum
935 2567 1106 2632 emendata
1135 2577 1220 2632 sunt.
1233 2551 1244 2577 '¹
1270 2566 1372 2630 Vncis
1401 2587 1455 2629 eas

311 2677 466 2742 lectiones
487 2676 624 2760 inclusi,
655 2702 735 2765 quas
757 2682 791 2744 in
815 2677 943 2744 schedis
966 2678 1155 2743 Heinsianis
1178 2701 1243 2743 non
1264 2685 1390 2741 notatas
1414 2697 1456 2738 ex

313 2789 544 2854 commentario
566 2790 809 2854 Burmanniano
833 2789 968 2874 sumpsi.

400 2897 676 2986 Orthographiam
693 2899 799 2986 quoad
814 2899 905 2986 potui
919 2899 962 2962 ad
978 2921 1032 2962 eas
1048 2919 1176 2962 normas
1192 2897 1357 2978 constitui,
1375 2916 1456 2982 quae

311 3008 362 3072 his
378 3011 471 3072 annis
488 3009 530 3072 ab
542 3010 584 3072 A.
593 3009 818 3090 Fleckeiseno,
831 3009 886 3071 Fr.
894 3008 1073 3073 Ritschelio
1088 3007 1161 3071 aliis
1171 3009 1357 3093 propositae
1370 3014 1455 3069 sunt.

396 3117 467 3180 Iam
493 3141 571 3182 uero
601 3117 695 3181 dulce
722 3127 823 3182 restat
852 3117 1010 3201 officium,
1046 3139 1108 3204 quo
1141 3119 1222 3181 uiris
1256 3095 1455 3181 doctissiinis

311 3227 571 3311 humanissimis,
601 3229 657 3319 qui
686 3251 745 3292 sua
772 3251 824 3292 me
854 3251 950 3316 opera
972 3230 1007 3292 in
1029 3228 1090 3292 hoc
1111 3226 1222 3292 libello
1245 3225 1456 3312 conponendo

311 3336 519 3418 adiuuerunt,
534 3339 657 3422 gratias
672 3361 778 3424 agam.
806 3338 954 3418 Quorum
969 3340 1003 3402 in
1017 3359 1152 3402 numero
1168 3337 1335 3422 egregium
1350 3334 1456 3399 locum

312 3445 376 3511 sibi
390 3447 639 3512 uindicauerunt
651 3447 711 3512 Fr.
723 3427 981 3513 llitschelius
997 3458 1029 3512 et
1045 3449 1100 3534 qui
1115 3446 1334 3512 bibliothecae
1348 3447 1457 3530 regiae

310 3558 477 3622 Bonnensi
498 3557 653 3644 praefecti
676 3569 751 3623 sunt
765 3559 913 3646 Papius
937 3567 969 3622 et
993 3557 1194 3636 Klettius,
1220 3557 1276 3643 qui
1297 3576 1457 3619 unacum

312 3668 359 3730 eis
375 3689 455 3753 quos
470 3690 568 3754 supra
582 3669 747 3734 nominaui
763 3677 795 3733 et
810 3665 938 3734 codices
954 3667 1072 3754 quibus
1089 3689 1169 3753 opus
1185 3666 1248 3730 fuit
1256 3715 1266 3749 ,
1283 3665 1453 3731 officiosis-

313 3779 393 3842 sime
421 3789 680 3865 eonparauerunt
703 3789 735 3843 et
757 3778 870 3844 multis
892 3779 965 3842 aliis
989 3779 1085 3843 rebus
1107 3777 1189 3840 mihi
1216 3784 1454 3841 succurrerunt.

312 3887 427 3974 Neque
442 3889 548 3953 minus
563 3899 656 3974 grato
672 3893 779 3955 animo
795 3889 862 3954 Th.
877 3889 1050 3976 Roeperi
1064 3888 1252 3951 memoriam
1266 3885 1384 3967 recolo,
1400 3885 1456 3970 qui

312 3999 460 4064 doctrina
483 4009 515 4064 et
541 3999 742 4064 humanitate
764 4019 866 4085 aeque
895 4000 1035 4085 insignis
1064 4007 1189 4062 tantam
1211 4019 1283 4062 meo
1306 3996 1397 4084 operi
1423 4003 1455 4058 ct

312 4109 527 4175 examinando
550 4120 590 4174 et.
611 4107 806 4198 expoliendo
829 4132 941 4174 curam
963 4108 1131 4190 adhibuit,
1159 4117 1196 4173 ut
1226 4117 1276 4174 sat
1303 4127 1456 4191 magnam

313 4211 387 4283 eius‘
404 4230 531 4307 partem
551 4219 640 4286 illius
657 4242 727 4286 esse
749 4218 976 4285 lubentissime
991 4219 1155 4284 confitear.
1193 4218 1345 4304 Denique
1366 4214 1456 4279 haud
1536 4207 1543 4214 ⁵

312 4329 359 4392 ita
378 4351 481 4415 pauca
495 4332 555 4396 Fr.
571 4331 779 4397 Bressleri
801 4331 973 4415 sagacitati
998 4329 1173 4412 debentur,
1197 4326 1344 4415 plagulas
1366 4325 1455 4413 prelo

314 4439 492 4505 submissas
515 4452 665 4507 accurato
686 4441 892 4530 perscrutati.

397 4559 526 4624 Dabam
543 4559 671 4626 Gedani
691 4583 720 4625 a.
737 4562 769 4624 d.
786 4549 857 4624 XV
868 4559 937 4624 Gal.
955 4557 1085 4624 Octobr.
1104 4553 1410 4623 OIOOCOLXVII.

969 4699 1033 4708 -ι
