3322 5186
616 474 680 564 ΙΙΙ,
705 490 732 560 1,
752 483 960 552 144-2,17.

345 687 419 743 tura
442 677 492 740 fer
513 676 556 740 ad
577 699 712 762 magnos
735 679 876 763 uinaque
898 697 979 763 pura
1001 675 1091 740 deos,

305 813 322 853 e
344 789 463 875 quibus
485 797 561 852 ante
583 789 689 852 omnis
711 789 897 872 Augustum
920 807 1040 850 numen
1060 785 1161 848 adora

345 899 598 986 progeniemque
619 899 707 984 piam
729 899 985 986 participemque
1006 896 1080 960 tori.

221 1017 279 1075 165
302 1011 369 1073 sint
389 1010 516 1072 utinam
537 1009 632 1072 mites
655 1009 751 1074 solito
773 1007 836 1073 tibi
856 1029 947 1072 more
968 1017 1104 1093 tuasque

345 1142 411 1184 non
432 1118 523 1182 duris
546 1118 695 1182 lacrimas
717 1117 863 1182 uultibus
885 1116 1060 1204 aspiciant!

219 1307 251 1374 2.
307 1305 416 1386 Quam
438 1304 520 1389 legis
543 1327 562 1368 a
584 1306 678 1370 nobis
700 1307 833 1370 missam
854 1305 932 1386 tibi,
956 1303 1070 1385 Cotta,
1093 1301 1247 1384 salutem,

345 1416 445 1478 missa
467 1415 510 1478 sit
531 1424 567 1478 ut
588 1438 666 1479 uere
687 1417 934 1502 perueniatque,
957 1433 1082 1500 precor.

303 1546 443 1611 namque
464 1526 545 1588 meis
569 1548 680 1612 sospes
702 1524 840 1589 multum
862 1524 1062 1588 cruciatibus
1084 1522 1210 1605 aufere,

346 1645 447 1721 utque
470 1635 513 1698 sit
535 1637 569 1698 in
591 1635 686 1699 nobis
709 1658 784 1722 pars
806 1635 892 1699 bona
915 1633 1005 1699 salua
1027 1632 1119 1696 facis.

261 1754 280 1809 5
304 1767 441 1831 cumque
464 1743 575 1809 labent
597 1745 699 1832 aliqui
720 1747 905 1831 iactataque
926 1742 999 1808 uela
1022 1742 1222 1828 relinquant,

345 1865 382 1918 tu
404 1854 530 1918 lacerae
551 1877 697 1920 remanes
719 1878 838 1920 ancora
861 1853 930 1919 sola
951 1855 1024 1917 rati.

303 1973 475 2049 gratatus
498 1974 547 2030 est
568 1967 669 2050 igitur
691 1967 806 2053 pietas.
851 1964 1051 2049 ignoscimus
1074 1961 1156 2045 illis,

347 2076 404 2161 qui
427 2095 499 2138 cum
521 2075 652 2139 fortuna
673 2087 767 2162 terga
788 2075 907 2138 dedere
928 2074 1037 2159 fugae.

305 2207 377 2248 cum
400 2184 520 2250 feriant
541 2208 659 2270 unum,
683 2209 749 2251 non
770 2209 871 2250 unum
893 2183 1030 2248 fulmina
1052 2192 1192 2265 terrent,

245 2303 284 2360 10
347 2296 521 2381 iunctaque
543 2318 696 2382 percusso
719 2296 816 2369 turba
837 2316 957 2383 pauere
980 2293 1077 2360 solet:

305 2427 442 2491 cumque
465 2405 556 2470 dedit
577 2408 683 2492 paries
707 2415 863 2470 uenturae
886 2407 981 2490 signa
1002 2405 1132 2482 ruinae,

347 2513 485 2578 sollicito
506 2537 629 2580 uacuus
651 2517 688 2580 fit
709 2515 798 2580 locus
819 2515 876 2578 ille
897 2525 1005 2578 metu:

305 2625 378 2710 quis
399 2647 466 2690 non
488 2647 505 2687 e
526 2625 652 2690 timidis
675 2627 765 2711 aegri
789 2626 939 2709 contagia
960 2626 1059 2708 uitat,

345 2735 488 2798 uicinum
510 2745 656 2800 metuens
678 2758 720 2799 ne
741 2736 850 2799 trahat
870 2734 947 2798 inde
969 2733 1115 2797 malum?

243 2851 282 2916 15
304 2866 356 2906 me
378 2866 506 2930 quoque
527 2847 704 2911 amicorum
718 2847 819 2910 nimio
840 2855 963 2910 terrore
983 2854 1153 2930 metuque,

346 2976 412 3018 non
433 2954 508 3018 odio
531 2955 664 3041 quidam
686 2957 863 3022 destituere
885 2957 960 3019 mei.

304 3086 370 3128 non
391 3063 457 3128 illis
479 3066 600 3151 pietas,
622 3088 688 3132 non
710 3065 855 3132 officiosa
876 3064 1028 3130 uoluntas

290 3221 337 3269 162
356 3220 437 3270 thura
454 3220 476 3269 Β
496 3236 548 3285 que
566 3238 613 3272 om.
632 3222 654 3270 B
672 3237 793 3287 puraque
813 3238 826 3273 e
849 3219 861 3288 ΙΙ
884 3237 992 3287 semper
1008 3223 1082 3271 itura
1099 3238 1115 3272 τ
1185 3221 1233 3273 163
1252 3239 1286 3273 ex
1304 3225 1363 3288 qui-

221 3289 272 3339 bus
291 3288 314 3336 G
336 3284 349 3354 ΙΙ
373 3293 437 3338 ante
456 3284 514 3363 oriri
527 3289 551 3338 A
573 3286 585 3355 ΙΙ
608 3306 707 3340 nomeu
726 3287 754 3341 ε2
809 3292 858 3340 164
876 3290 949 3340 thori
965 3291 988 3338 B
1041 3290 1089 3339 165
1107 3287 1201 3354 [solito
1219 3291 1286 3340 mihi
1298 3289 1331 3356 ψ]
1347 3287 1361 3358 ΙΙ

221 3353 559 3474 iaifflafflieslllh‘im
577 3357 599 3405 B
623 3355 635 3424 Η
659 3359 777 3422 piasque
796 3374 811 3408 τ
833 3354 847 3424 1]
869 3359 925 3410 sint
948 3358 1033 3408 etiam
1056 3358 1137 3408 mites
1154 3357 1178 3406 L
1240 3360 1289 3410 166
1307 3375 1362 3408 non

241 3567 245 3578 Ι
288 3507 373 3569 ΙΠ,2
402 3505 545 3559 COTTAE
564 3508 606 3574 Αβ
628 3511 663 3560 ad
682 3509 792 3560 Cottam
814 3509 836 3558 Β
864 3511 899 3560 ad
917 3513 1009 3560 cotum
1034 3510 1091 3562 eod.
1115 3509 1258 3559 Leidensia
1285 3509 1358 3561 hanc

1205 3573 1269 3612 nami

223 3625 368 3691 epistolam
385 3627 471 3676 mittit
489 3632 567 3678 cocte
586 3629 630 3727 P²
679 3631 692 3678 1
712 3629 758 3693 qui
775 3631 800 3679 D
816 3625 829 3695 {l
846 3632 926 3679 cocte
944 3629 966 3678 P
985 3631 1049 3677 cota
1066 3626 1139 3678 FGL
1163 3623 1175 3692 ΙΙ
1189 3585 1254 3689 qtern,
1271 3628 1295 3678 F
1346 3632 1363 3678 3

222 3759 339 3809 numque
356 3745 380 3794 A
402 3741 414 3810 ΙΙ
437 3745 530 3796 multis
547 3747 572 3796 D
591 3705 737 3805 diliumF
758 3746 832 3812 (suin
859 3744 976 3809 uultum)
1039 3748 1057 3795 4
1075 3750 1160 3809 atque
1183 3745 1219 3796 sit
1241 3746 1321 3795 uobis
1339 3745 1363 3794 A

223 3849 305 3910 atque
324 3847 361 3896 su
378 3863 393 3897 ο
411 3847 491 3897 nous
509 3848 534 3898 u
556 3852 640 3912 utque
658 3850 695 3900 su
713 3849 742 3898 in
764 3849 844 3899 nous
862 3847 1003 3914 pannea
1027 3851 1111 3910 atque
1130 3847 1167 3896 ut
1184 3823 1321 3898 iniuriosis
1339 3848 1361 3896 r

223 3915 300 3977 atqui
318 3921 349 3963 ut
366 3917 403 3963 sit
420 3916 468 3980 Eu
488 3919 570 3979 atque
589 3917 627 3966 sit
643 3922 674 3965 ut
691 3917 771 3967 nobis
790 3915 826 3966 Os
844 3922 926 3980 atque
945 3920 976 3964 ut
994 3915 1030 3964 sit
1047 3915 1165 3965 nobisG
1184 3919 1268 4046 utque
1286 3919 1317 3963 ut
1328 3913 1362 3963 de

222 3982 336 4032 nobiae
358 3978 371 4048 ΙΙ
394 3983 503 4032 sanaL
567 3985 717 4049 boumque
735 3984 822 4034 libent
839 3983 863 4032 A
887 3982 899 4050 ss
921 3983 971 4033 alii
989 3981 1201 4033 ODEFGLNPe
1230 3978 1234 4047 Ι
1259 3981 1363 4031 lacere-

222 4053 337 4112 rutaque
355 4066 371 4099 τ
389 4049 487 4100 telaB
510 4048 523 4117 ΙΙ
545 4051 705 4114 relinquunt
723 4067 736 4102 ε
787 4055 803 4101 6
821 4052 915 4101 lacere
933 4051 957 4099 A
975 4051 1051 4100 salue
1070 4067 1085 4100 τ
1137 4053 1152 4100 'i
1171 4051 1260 4113 pietas
1278 4049 1364 4112 igitur

221 4117 263 4167 Dr
282 4133 309 4182 p.
327 4118 467 4182 igiturque
487 4117 510 4169 G
533 4115 546 4184 ss
569 4121 744 4184 agnoscimus
762 4120 787 4169 D
857 4119 956 4182 8luge
976 4119 999 4166 A
1019 4115 1031 4184 ΙΙ
1053 4133 1118 4220 puppe
1138 4117 1203 4166 coni.
1221 4116 1259 4164 H.
1330 4119 1362 4166 10

222 4235 352 4298 iactaque
379 4251 510 4300 percusse
536 4237 560 4286 A
585 4239 721 4302 turbaque
747 4251 879 4304 percusso
905 4238 1002 4285 uincta
1026 4241 1134 4286 iuuere
1153 4233 1225 4283 solet
1251 4233 1274 4284 B
1302 4249 1363 4299 per·

222 4308 341 4352 cussusl
402 4306 432 4353 11
452 4306 692 4356 uenture-ruine
711 4306 735 4354 A
799 4308 830 4354 12
848 4305 907 4369 ipse
926 4304 949 4351 Β
1013 4305 1044 4353 13
1063 4301 1136 4352 exP
1157 4297 1169 4367 {l
1191 4301 1263 4352 uitet
1280 4303 1328 4368 ro
1348 4299 1360 4367 ll

223 4371 283 4434 egri
301 4371 325 4419 A
378 4374 409 4421 17
427 4373 519 4436 pietas
537 4371 593 4422 illis
612 4388 625 4423 ε
648 4369 660 4439 11
683 4372 809 4439 uoluptas
826 4371 855 4438 [p
873 4375 899 4421 in
916 4368 982 4436 rua]
1001 4370 1023 4420 P

309 4510 336 4575 2,
359 4511 379 4566 4
402 4528 416 4566 c
439 4511 515 4567 nobis
537 4513 601 4569 HM
663 4513 682 4570 5
706 4513 749 4568 ulii
771 4513 801 4568 H

257 4624 341 4674 Romi,
360 4626 436 4661 ovu).
458 4625 493 4658 EX
512 4625 610 4666 PONTO.
