<?xml version="1.0" encoding="UTF-8"?>
<!DOCTYPE html PUBLIC "-//W3C//DTD XHTML 1.0 Transitional//EN"
    "http://www.w3.org/TR/xhtml1/DTD/xhtml1-transitional.dtd">
<html xmlns="http://www.w3.org/1999/xhtml" xml:lang="en" lang="en">
 <head>
  <title>
</title>
<meta http-equiv="Content-Type" content="text/html;charset=utf-8" />
  <meta name='ocr-system' content='tesseract 3.04.00' />
  <meta name='ocr-capabilities' content='ocr_page ocr_carea ocr_par ocr_line ocrx_word'/>
</head>
<body>
  <div class='ocr_page' id='page_1' title='image "./povidiinasonise00korngoog_0022.png"; bbox 0 0 3326 5182; ppageno 0'>
   <div class='ocr_carea' id='block_1_1' title="bbox 666 463 878 518">
    <p class='ocr_par' dir='ltr' id='par_1_1' title="bbox 666 463 878 518">
     <span class='ocr_line' id='line_1_1' title="bbox 666 463 878 518; baseline 0.005 -3"><span class='ocrx_word' id='word_1_1' title='bbox 666 463 878 518; x_wconf 74' lang='lat' dir='ltr'><strong>PRAEFATIO.</strong></span> 
     </span>
    </p>
   </div>
   <div class='ocr_carea' id='block_1_2' title="bbox 541 623 1040 992">
    <p class='ocr_par' dir='ltr' id='par_1_2' title="bbox 541 623 1040 992">
     <span class='ocr_line' id='line_1_2' title="bbox 542 623 1040 688; baseline 0.008 -6"><span class='ocrx_word' id='word_1_2' title='bbox 542 623 750 685; x_wconf 80' lang='lat' dir='ltr'><em>Ornamentum</em></span> <span class='ocrx_word' id='word_1_3' title='bbox 772 629 828 687; x_wconf 79' lang='lat' dir='ltr'>troc</span> <span class='ocrx_word' id='word_1_4' title='bbox 849 629 1040 688; x_wconf 75' lang='lat' dir='ltr'><em>bibliothecae</em></span> 
     </span>
     <span class='ocr_line' id='line_1_3' title="bbox 584 727 887 804; baseline 0.017 -20"><span class='ocrx_word' id='word_1_5' title='bbox 584 727 837 804; x_wconf 77' lang='lat' dir='ltr'><em>Constantinopoli</em></span> <span class='ocrx_word' id='word_1_6' title='bbox 857 733 887 789; x_wconf 93' lang='lat' dir='ltr'><em>in</em></span> 
     </span>
     <span class='ocr_line' id='line_1_4' title="bbox 541 811 886 892; baseline 0.012 -6"><span class='ocrx_word' id='word_1_7' title='bbox 541 828 734 890; x_wconf 83' lang='lat' dir='ltr'>Germaniano</span> <span class='ocrx_word' id='word_1_8' title='bbox 747 811 886 892; x_wconf 87' lang='lat' dir='ltr'>transta-</span> 
     </span>
     <span class='ocr_line' id='line_1_5' title="bbox 581 934 822 992; baseline 0.017 -4"><span class='ocrx_word' id='word_1_9' title='bbox 581 939 641 988; x_wconf 88' lang='lat' dir='ltr'><em>tan</em></span> <span class='ocrx_word' id='word_1_10' title='bbox 663 947 726 990; x_wconf 89' lang='lat' dir='ltr'>meo</span> <span class='ocrx_word' id='word_1_11' title='bbox 748 934 822 992; x_wconf 78' lang='lat' dir='ltr'><em>anilii</em></span> 
     </span>
    </p>
   </div>
   <div class='ocr_carea' id='block_1_3' title="bbox 501 1037 1051 1207">
    <p class='ocr_par' dir='ltr' id='par_1_3' title="bbox 501 1037 1051 1207">
     <span class='ocr_line' id='line_1_6' title="bbox 581 1037 852 1110; baseline 0.015 -21"><span class='ocrx_word' id='word_1_12' title='bbox 581 1049 653 1092; x_wconf 85' lang='lat' dir='ltr'>aere</span> <span class='ocrx_word' id='word_1_13' title='bbox 674 1037 852 1110; x_wconf 81' lang='lat' dir='ltr'>comparant</span> 
     </span>
     <span class='ocr_line' id='line_1_7' title="bbox 501 1131 1051 1207; baseline 0.009 -17"><span class='ocrx_word' id='word_1_14' title='bbox 501 1131 650 1207; x_wconf 73' lang='lat' dir='ltr'>Tabinaae</span> <span class='ocrx_word' id='word_1_15' title='bbox 674 1135 736 1194; x_wconf 84' lang='lat' dir='ltr'>Cal.</span> <span class='ocrx_word' id='word_1_16' title='bbox 760 1136 830 1194; x_wconf 92' lang='lat' dir='ltr'><em>Ian.</em></span> <span class='ocrx_word' id='word_1_17' title='bbox 853 1135 1025 1195; x_wconf 81' lang='lat' dir='ltr'><em>MDCXXI</em></span> <span class='ocrx_word' id='word_1_18' title='bbox 1044 1168 1051 1174; x_wconf 96' lang='lat'><em>-</em></span> 
     </span>
    </p>
   </div>
   <div class='ocr_carea' id='block_1_4' title="bbox 208 1252 1388 2548">
    <p class='ocr_par' dir='ltr' id='par_1_4' title="bbox 208 1252 1388 2342">
     <span class='ocr_line' id='line_1_8' title="bbox 208 1252 1351 1344; baseline 0.004 -27"><span class='ocrx_word' id='word_1_19' title='bbox 208 1254 266 1318; x_wconf 90' lang='lat' dir='ltr'>ubi</span> <span class='ocrx_word' id='word_1_20' title='bbox 281 1252 367 1339; x_wconf 90' lang='lat' dir='ltr'>quod</span> <span class='ocrx_word' id='word_1_21' title='bbox 381 1253 589 1320; x_wconf 86' lang='lat' dir='ltr'>desideratur</span> <span class='ocrx_word' id='word_1_22' title='bbox 602 1279 720 1322; x_wconf 89' lang='lat' dir='ltr'>nomen</span> <span class='ocrx_word' id='word_1_23' title='bbox 736 1280 778 1321; x_wconf 88' lang='lat' dir='ltr'>ex</span> <span class='ocrx_word' id='word_1_24' title='bbox 793 1258 904 1321; x_wconf 87' lang='lat' dir='ltr'>codice</span> <span class='ocrx_word' id='word_1_25' title='bbox 915 1257 1054 1342; x_wconf 84' lang='lat' dir='ltr'>Vergilii</span> <span class='ocrx_word' id='word_1_26' title='bbox 1069 1259 1351 1344; x_wconf 84' lang='lat' dir='ltr'>Argentoratensi,</span> 
     </span>
     <span class='ocr_line' id='line_1_9' title="bbox 209 1364 1353 1456; baseline 0.005 -30"><span class='ocrx_word' id='word_1_27' title='bbox 209 1364 245 1426; x_wconf 93' lang='lat' dir='ltr'><em>in</em></span> <span class='ocrx_word' id='word_1_28' title='bbox 267 1386 329 1449; x_wconf 92' lang='lat' dir='ltr'>quo</span> <span class='ocrx_word' id='word_1_29' title='bbox 352 1364 465 1428; x_wconf 88' lang='lat' dir='ltr'>eadem</span> <span class='ocrx_word' id='word_1_30' title='bbox 488 1376 563 1430; x_wconf 89' lang='lat' dir='ltr'>sunt</span> <span class='ocrx_word' id='word_1_31' title='bbox 585 1367 631 1430; x_wconf 91' lang='lat' dir='ltr'><em>ita</em></span> <span class='ocrx_word' id='word_1_32' title='bbox 653 1367 817 1456; x_wconf 88' lang='lat' dir='ltr'>suppleuit</span> <span class='ocrx_word' id='word_1_33' title='bbox 839 1367 1029 1432; x_wconf 90' lang='lat' dir='ltr'>Oberlinus:</span> <span class='ocrx_word' id='word_1_34' title='bbox 1053 1373 1201 1433; x_wconf 85' lang='lat' dir='ltr'>Heariens</span> <span class='ocrx_word' id='word_1_35' title='bbox 1217 1375 1353 1433; x_wconf 75' lang='lat' dir='ltr'>albertus</span> 
     </span>
     <span class='ocr_line' id='line_1_10' title="bbox 210 1476 1351 1566; baseline 0.005 -30"><span class='ocrx_word' id='word_1_36' title='bbox 210 1478 361 1538; x_wconf 84' lang='lat' dir='ltr'><em>Honitton</em></span> <span class='ocrx_word' id='word_1_37' title='bbox 378 1479 483 1538; x_wconf 73' lang='lat' dir='ltr'>Panas</span> <span class='ocrx_word' id='word_1_38' title='bbox 503 1476 560 1560; x_wconf 87' lang='lat' dir='ltr'>(cf.</span> <span class='ocrx_word' id='word_1_39' title='bbox 577 1476 723 1541; x_wconf 89' lang='lat' dir='ltr'>Oberlin.</span> <span class='ocrx_word' id='word_1_40' title='bbox 746 1477 848 1564; x_wconf 86' lang='lat' dir='ltr'>praef.</span> <span class='ocrx_word' id='word_1_41' title='bbox 872 1478 914 1542; x_wconf 90' lang='lat' dir='ltr'>ad</span> <span class='ocrx_word' id='word_1_42' title='bbox 937 1500 1008 1565; x_wconf 91' lang='lat' dir='ltr'>epp.</span> <span class='ocrx_word' id='word_1_43' title='bbox 1034 1501 1076 1541; x_wconf 90' lang='lat' dir='ltr'>ex</span> <span class='ocrx_word' id='word_1_44' title='bbox 1091 1479 1128 1542; x_wconf 93' lang='lat' dir='ltr'>P.</span> <span class='ocrx_word' id='word_1_45' title='bbox 1144 1504 1175 1565; x_wconf 92' lang='lat' dir='ltr'>p.</span> <span class='ocrx_word' id='word_1_46' title='bbox 1194 1479 1260 1543; x_wconf 91' lang='lat' dir='ltr'>XV</span> <span class='ocrx_word' id='word_1_47' title='bbox 1276 1481 1351 1566; x_wconf 85' lang='lat' dir='ltr'>sq.).</span> 
     </span>
     <span class='ocr_line' id='line_1_11' title="bbox 210 1584 1351 1680; baseline 0.005 -34"><span class='ocrx_word' id='word_1_48' title='bbox 210 1584 263 1646; x_wconf 88' lang='lat' dir='ltr'>De</span> <span class='ocrx_word' id='word_1_49' title='bbox 285 1593 357 1648; x_wconf 89' lang='lat' dir='ltr'>ortu</span> <span class='ocrx_word' id='word_1_50' title='bbox 371 1586 472 1670; x_wconf 90' lang='lat' dir='ltr'>igitur</span> <span class='ocrx_word' id='word_1_51' title='bbox 488 1586 610 1651; x_wconf 87' lang='lat' dir='ltr'>codicis</span> <span class='ocrx_word' id='word_1_52' title='bbox 634 1587 806 1652; x_wconf 82' lang='lat' dir='ltr'>edocemur</span> <span class='ocrx_word' id='word_1_53' title='bbox 827 1609 866 1651; x_wconf 88' lang='lat' dir='ltr'>ac</span> <span class='ocrx_word' id='word_1_54' title='bbox 887 1588 928 1652; x_wconf 89' lang='lat' dir='ltr'>de</span> <span class='ocrx_word' id='word_1_55' title='bbox 943 1588 1083 1680; x_wconf 86' lang='lat' dir='ltr'>quodam</span> <span class='ocrx_word' id='word_1_56' title='bbox 1099 1590 1167 1652; x_wconf 90' lang='lat' dir='ltr'>eius</span> <span class='ocrx_word' id='word_1_57' title='bbox 1183 1590 1287 1675; x_wconf 90' lang='lat' dir='ltr'>primo</span> <span class='ocrx_word' id='word_1_58' title='bbox 1304 1589 1351 1675; x_wconf 77' lang='lat' dir='ltr'>(l)</span> 
     </span>
     <span class='ocr_line' id='line_1_12' title="bbox 208 1695 1350 1789; baseline 0.004 -32"><span class='ocrx_word' id='word_1_59' title='bbox 208 1715 394 1780; x_wconf 81' lang='lat' dir='ltr'>possessore</span> <span class='ocrx_word' id='word_1_60' title='bbox 421 1695 465 1758; x_wconf 91' lang='lat' dir='ltr'>H.</span> <span class='ocrx_word' id='word_1_61' title='bbox 488 1697 530 1759; x_wconf 89' lang='lat' dir='ltr'>A.</span> <span class='ocrx_word' id='word_1_62' title='bbox 553 1696 758 1789; x_wconf 60' lang='lat' dir='ltr'>Hammone,</span> <span class='ocrx_word' id='word_1_63' title='bbox 795 1708 831 1761; x_wconf 93' lang='lat' dir='ltr'>ut</span> <span class='ocrx_word' id='word_1_64' title='bbox 857 1707 966 1761; x_wconf 87' lang='lat' dir='ltr'>tamen</span> <span class='ocrx_word' id='word_1_65' title='bbox 993 1720 1098 1784; x_wconf 89' lang='lat' dir='ltr'>neque</span> <span class='ocrx_word' id='word_1_66' title='bbox 1126 1699 1167 1762; x_wconf 91' lang='lat' dir='ltr'>de</span> <span class='ocrx_word' id='word_1_67' title='bbox 1194 1707 1350 1785; x_wconf 88' lang='lat' dir='ltr'>tempore,</span> 
     </span>
     <span class='ocr_line' id='line_1_13' title="bbox 210 1803 1351 1894; baseline 0.005 -28"><span class='ocrx_word' id='word_1_68' title='bbox 210 1826 272 1890; x_wconf 91' lang='lat' dir='ltr'>quo</span> <span class='ocrx_word' id='word_1_69' title='bbox 304 1803 389 1868; x_wconf 88' lang='lat' dir='ltr'>liber</span> <span class='ocrx_word' id='word_1_70' title='bbox 420 1807 455 1868; x_wconf 91' lang='lat' dir='ltr'><em>in</em></span> <span class='ocrx_word' id='word_1_71' title='bbox 483 1805 693 1870; x_wconf 81' lang='lat' dir='ltr'>Germaniam</span> <span class='ocrx_word' id='word_1_72' title='bbox 726 1806 903 1872; x_wconf 89' lang='lat' dir='ltr'>translatus</span> <span class='ocrx_word' id='word_1_73' title='bbox 937 1809 996 1889; x_wconf 85' lang='lat' dir='ltr'>sit,</span> <span class='ocrx_word' id='word_1_74' title='bbox 1026 1829 1132 1894; x_wconf 91' lang='lat' dir='ltr'>neque</span> <span class='ocrx_word' id='word_1_75' title='bbox 1160 1807 1202 1871; x_wconf 89' lang='lat' dir='ltr'>de</span> <span class='ocrx_word' id='word_1_76' title='bbox 1230 1831 1266 1872; x_wconf 90' lang='lat' dir='ltr'>eo</span> <span class='ocrx_word' id='word_1_77' title='bbox 1296 1810 1351 1894; x_wconf 92' lang='lat' dir='ltr'>qui</span> 
     </span>
     <span class='ocr_line' id='line_1_14' title="bbox 209 1913 1350 1998; baseline 0.004 -21"><span class='ocrx_word' id='word_1_78' title='bbox 209 1913 427 1998; x_wconf 79' lang='lat' dir='ltr'>transtulerit,</span> <span class='ocrx_word' id='word_1_79' title='bbox 456 1915 570 1980; x_wconf 82' lang='lat' dir='ltr'>fiamus</span> <span class='ocrx_word' id='word_1_80' title='bbox 599 1918 781 1981; x_wconf 65' lang='lat' dir='ltr'>certiores„</span> <span class='ocrx_word' id='word_1_81' title='bbox 813 1916 1035 1982; x_wconf 86' lang='lat' dir='ltr'>Hamiltonem</span> <span class='ocrx_word' id='word_1_82' title='bbox 1062 1926 1149 1981; x_wconf 88' lang='lat' dir='ltr'>certe</span> <span class='ocrx_word' id='word_1_83' title='bbox 1177 1918 1350 1982; x_wconf 88' lang='lat' dir='ltr'>bibliothe-</span> 
     </span>
     <span class='ocr_line' id='line_1_15' title="bbox 210 2024 1349 2112; baseline 0.004 -27"><span class='ocrx_word' id='word_1_84' title='bbox 210 2045 267 2086; x_wconf 87' lang='lat' dir='ltr'>cae</span> <span class='ocrx_word' id='word_1_85' title='bbox 298 2024 570 2109; x_wconf 84' lang='lat' dir='ltr'>Argentoratensi</span> <span class='ocrx_word' id='word_1_86' title='bbox 602 2025 722 2090; x_wconf 89' lang='lat' dir='ltr'>librum</span> <span class='ocrx_word' id='word_1_87' title='bbox 755 2026 838 2092; x_wconf 92' lang='lat' dir='ltr'>dono</span> <span class='ocrx_word' id='word_1_88' title='bbox 873 2026 1020 2110; x_wconf 81' lang='lat' dir='ltr'>dedisse,</span> <span class='ocrx_word' id='word_1_89' title='bbox 1054 2028 1141 2112; x_wconf 90' lang='lat' dir='ltr'>quod</span> <span class='ocrx_word' id='word_1_90' title='bbox 1175 2027 1349 2092; x_wconf 89' lang='lat' dir='ltr'>Oberlinus</span> 
     </span>
     <span class='ocr_line' id='line_1_16' title="bbox 208 2135 1388 2231; baseline 0.004 -35"><span class='ocrx_word' id='word_1_91' title='bbox 208 2135 318 2198; x_wconf 88' lang='lat' dir='ltr'>nescio</span> <span class='ocrx_word' id='word_1_92' title='bbox 342 2157 404 2221; x_wconf 92' lang='lat' dir='ltr'>quo</span> <span class='ocrx_word' id='word_1_93' title='bbox 427 2157 535 2199; x_wconf 89' lang='lat' dir='ltr'>errore</span> <span class='ocrx_word' id='word_1_94' title='bbox 558 2135 674 2200; x_wconf 87' lang='lat' dir='ltr'>ductus</span> <span class='ocrx_word' id='word_1_95' title='bbox 698 2137 852 2219; x_wconf 88' lang='lat' dir='ltr'>coniecit,</span> <span class='ocrx_word' id='word_1_96' title='bbox 881 2137 917 2200; x_wconf 92' lang='lat' dir='ltr'>id</span> <span class='ocrx_word' id='word_1_97' title='bbox 938 2138 1056 2224; x_wconf 88' lang='lat' dir='ltr'>prioris</span> <span class='ocrx_word' id='word_1_98' title='bbox 1080 2136 1219 2200; x_wconf 85' lang='lat' dir='ltr'>schedae</span> <span class='ocrx_word' id='word_1_99' title='bbox 1240 2137 1350 2200; x_wconf 85' lang='lat' dir='ltr'>uerbis</span> <span class='ocrx_word' id='word_1_100' title='bbox 1381 2217 1388 2231; x_wconf 41' lang='lat'><strong>·</strong></span> 
     </span>
     <span class='ocr_line' id='line_1_17' title="bbox 208 2242 603 2342; baseline 0.008 -37"><span class='ocrx_word' id='word_1_101' title='bbox 208 2242 362 2342; x_wconf 74' lang='lat' dir='ltr'>redargui</span> <span class='ocrx_word' id='word_1_102' title='bbox 383 2245 513 2310; x_wconf 86' lang='lat' dir='ltr'>uidetur</span> <span class='ocrx_word' id='word_1_103' title='bbox 535 2246 603 2310; x_wconf 92' lang='lat' dir='ltr'>his:</span> 
     </span>
    </p>

    <p class='ocr_par' dir='ltr' id='par_1_5' title="bbox 561 2368 905 2429">
     <span class='ocr_line' id='line_1_18' title="bbox 561 2368 905 2429; baseline 0.006 -3"><span class='ocrx_word' id='word_1_104' title='bbox 561 2368 715 2428; x_wconf 85' lang='lat' dir='ltr'>Joaunnes</span> <span class='ocrx_word' id='word_1_105' title='bbox 743 2370 905 2429; x_wconf 82' lang='lat' dir='ltr'>Werclaerr</span> 
     </span>
    </p>

    <p class='ocr_par' dir='ltr' id='par_1_6' title="bbox 561 2472 957 2548">
     <span class='ocr_line' id='line_1_19' title="bbox 561 2472 957 2548; baseline 0.003 -18"><span class='ocrx_word' id='word_1_106' title='bbox 561 2472 654 2545; x_wconf 81' lang='lat' dir='ltr'>Reip:</span> <span class='ocrx_word' id='word_1_107' title='bbox 673 2477 752 2545; x_wconf 81' lang='lat' dir='ltr'>patr.</span> <span class='ocrx_word' id='word_1_108' title='bbox 765 2489 800 2548; x_wconf 80' lang='lat' dir='ltr'>p.</span> <span class='ocrx_word' id='word_1_109' title='bbox 817 2479 837 2531; x_wconf 93' lang='lat' dir='ltr'><em>t.</em></span> <span class='ocrx_word' id='word_1_110' title='bbox 853 2473 957 2531; x_wconf 85' lang='lat' dir='ltr'>consui</span> 
     </span>
    </p>
   </div>
   <div class='ocr_carea' id='block_1_5' title="bbox 561 2573 868 2734">
    <p class='ocr_par' dir='ltr' id='par_1_7' title="bbox 561 2573 868 2734">
     <span class='ocr_line' id='line_1_20' title="bbox 563 2573 868 2632; baseline 0 0"><span class='ocrx_word' id='word_1_111' title='bbox 563 2579 592 2632; x_wconf 91' lang='lat' dir='ltr'>et</span> <span class='ocrx_word' id='word_1_112' title='bbox 612 2573 790 2632; x_wconf 83' lang='lat' dir='ltr'>sobolunoba</span> <span class='ocrx_word' id='word_1_113' title='bbox 809 2573 868 2632; x_wconf 72' lang='lat' dir='ltr'>ddi</span> 
     </span>
     <span class='ocr_line' id='line_1_21' title="bbox 561 2673 856 2734; baseline -0.003 -3"><span class='ocrx_word' id='word_1_114' title='bbox 561 2690 607 2732; x_wconf 93' lang='lat' dir='ltr'>ao.</span> <span class='ocrx_word' id='word_1_115' title='bbox 633 2673 744 2733; x_wconf 77' lang='lat' dir='ltr'>Christi</span> <span class='ocrx_word' id='word_1_116' title='bbox 764 2681 856 2734; x_wconf 78' lang='lat' dir='ltr'><em>tota.</em></span> 
     </span>
    </p>
   </div>
   <div class='ocr_carea' id='block_1_6' title="bbox 207 2785 1348 2882">
    <p class='ocr_par' dir='ltr' id='par_1_8' title="bbox 207 2785 1348 2882">
     <span class='ocr_line' id='line_1_22' title="bbox 207 2785 1348 2882; baseline 0.001 -34"><span class='ocrx_word' id='word_1_117' title='bbox 207 2785 293 2850; x_wconf 90' lang='lat' dir='ltr'>hunc</span> <span class='ocrx_word' id='word_1_118' title='bbox 305 2788 390 2850; x_wconf 90' lang='lat' dir='ltr'>enim</span> <span class='ocrx_word' id='word_1_119' title='bbox 401 2787 508 2851; x_wconf 89' lang='lat' dir='ltr'>uirum</span> <span class='ocrx_word' id='word_1_120' title='bbox 519 2786 698 2851; x_wconf 89' lang='lat' dir='ltr'>uerisimile</span> <span class='ocrx_word' id='word_1_121' title='bbox 709 2797 759 2852; x_wconf 89' lang='lat' dir='ltr'>est</span> <span class='ocrx_word' id='word_1_122' title='bbox 769 2787 1003 2882; x_wconf 75' lang='lat' dir='ltr'>bibliothecam</span> <span class='ocrx_word' id='word_1_123' title='bbox 1019 2809 1055 2851; x_wconf 90' lang='lat' dir='ltr'>eo</span> <span class='ocrx_word' id='word_1_124' title='bbox 1071 2788 1184 2850; x_wconf 88' lang='lat' dir='ltr'>codice</span> <span class='ocrx_word' id='word_1_125' title='bbox 1200 2787 1348 2851; x_wconf 86' lang='lat' dir='ltr'>donasse.</span> 
     </span>
    </p>
   </div>
   <div class='ocr_carea' id='block_1_7' title="bbox 205 2921 1350 4437">
    <p class='ocr_par' dir='ltr' id='par_1_9' title="bbox 205 2921 1350 4437">
     <span class='ocr_line' id='line_1_23' title="bbox 292 2921 1347 3009; baseline -0.002 -23"><span class='ocrx_word' id='word_1_126' title='bbox 292 2923 401 3009; x_wconf 86' lang='lat' dir='ltr'>Atque</span> <span class='ocrx_word' id='word_1_127' title='bbox 427 2923 508 2986; x_wconf 89' lang='lat' dir='ltr'>haec</span> <span class='ocrx_word' id='word_1_128' title='bbox 537 2924 668 3009; x_wconf 91' lang='lat' dir='ltr'>quidem</span> <span class='ocrx_word' id='word_1_129' title='bbox 697 2923 738 2986; x_wconf 91' lang='lat' dir='ltr'>de</span> <span class='ocrx_word' id='word_1_130' title='bbox 761 2922 882 2987; x_wconf 85' lang='lat' dir='ltr'>codicis</span> <span class='ocrx_word' id='word_1_131' title='bbox 906 2921 1095 2987; x_wconf 87' lang='lat' dir='ltr'>condicione</span> <span class='ocrx_word' id='word_1_132' title='bbox 1116 2931 1153 2986; x_wconf 91' lang='lat' dir='ltr'>ut</span> <span class='ocrx_word' id='word_1_133' title='bbox 1174 2923 1220 2985; x_wconf 87' lang='lat' dir='ltr'><em>ita</em></span> <span class='ocrx_word' id='word_1_134' title='bbox 1243 2921 1347 2986; x_wconf 86' lang='lat' dir='ltr'>dicam</span> 
     </span>
     <span class='ocr_line' id='line_1_24' title="bbox 209 3031 1348 3120; baseline 0 -26"><span class='ocrx_word' id='word_1_135' title='bbox 209 3040 358 3095; x_wconf 82' lang='lat' dir='ltr'>externa:</span> <span class='ocrx_word' id='word_1_136' title='bbox 382 3034 446 3096; x_wconf 91' lang='lat' dir='ltr'>iam</span> <span class='ocrx_word' id='word_1_137' title='bbox 468 3042 505 3096; x_wconf 93' lang='lat' dir='ltr'>ut</span> <span class='ocrx_word' id='word_1_138' title='bbox 526 3033 569 3096; x_wconf 88' lang='lat' dir='ltr'>ad</span> <span class='ocrx_word' id='word_1_139' title='bbox 590 3035 697 3120; x_wconf 88' lang='lat' dir='ltr'>ipsum</span> <span class='ocrx_word' id='word_1_140' title='bbox 719 3041 845 3096; x_wconf 83' lang='lat' dir='ltr'>textum</span> <span class='ocrx_word' id='word_1_141' title='bbox 867 3032 1047 3114; x_wconf 84' lang='lat' dir='ltr'>ueniamus,</span> <span class='ocrx_word' id='word_1_142' title='bbox 1071 3031 1173 3116; x_wconf 82' lang='lat' dir='ltr'>siglae</span> <span class='ocrx_word' id='word_1_143' title='bbox 1196 3054 1278 3118; x_wconf 89' lang='lat' dir='ltr'>quae</span> <span class='ocrx_word' id='word_1_144' title='bbox 1301 3031 1348 3095; x_wconf 91' lang='lat' dir='ltr'>di-</span> 
     </span>
     <span class='ocr_line' id='line_1_25' title="bbox 209 3141 1350 3230; baseline 0 -24"><span class='ocrx_word' id='word_1_145' title='bbox 209 3152 325 3207; x_wconf 89' lang='lat' dir='ltr'>cuntur</span> <span class='ocrx_word' id='word_1_146' title='bbox 339 3143 408 3206; x_wconf 87' lang='lat' dir='ltr'>fere</span> <span class='ocrx_word' id='word_1_147' title='bbox 423 3141 557 3206; x_wconf 87' lang='lat' dir='ltr'>eaedem</span> <span class='ocrx_word' id='word_1_148' title='bbox 579 3153 669 3225; x_wconf 79' lang='lat' dir='ltr'>sunt,</span> <span class='ocrx_word' id='word_1_149' title='bbox 693 3165 773 3230; x_wconf 88' lang='lat' dir='ltr'>quas</span> <span class='ocrx_word' id='word_1_150' title='bbox 788 3143 828 3206; x_wconf 91' lang='lat' dir='ltr'>R.</span> <span class='ocrx_word' id='word_1_151' title='bbox 844 3141 1026 3206; x_wconf 86' lang='lat' dir='ltr'>Merkelius</span> <span class='ocrx_word' id='word_1_152' title='bbox 1049 3164 1091 3207; x_wconf 86' lang='lat' dir='ltr'>ex</span> <span class='ocrx_word' id='word_1_153' title='bbox 1106 3142 1350 3226; x_wconf 88' lang='lat' dir='ltr'>Hamburgensi</span> 
     </span>
     <span class='ocr_line' id='line_1_26' title="bbox 207 3251 1349 3340; baseline -0.001 -23"><span class='ocrx_word' id='word_1_154' title='bbox 207 3255 348 3335; x_wconf 80' lang='lat' dir='ltr'>notauit,</span> <span class='ocrx_word' id='word_1_155' title='bbox 372 3252 602 3339; x_wconf 78' lang='lat' dir='ltr'>orthographia</span> <span class='ocrx_word' id='word_1_156' title='bbox 616 3276 674 3340; x_wconf 93' lang='lat' dir='ltr'>pro</span> <span class='ocrx_word' id='word_1_157' title='bbox 690 3262 872 3339; x_wconf 88' lang='lat' dir='ltr'>temporum</span> <span class='ocrx_word' id='word_1_158' title='bbox 887 3251 1349 3339; x_wconf 78' lang='lat' dir='ltr'>discrepantiadissimillima.</span> 
     </span>
     <span class='ocr_line' id='line_1_27' title="bbox 208 3361 1348 3450; baseline -0.001 -24"><span class='ocrx_word' id='word_1_159' title='bbox 208 3364 258 3426; x_wconf 87' lang='lat' dir='ltr'>Ne</span> <span class='ocrx_word' id='word_1_160' title='bbox 280 3363 387 3427; x_wconf 89' lang='lat' dir='ltr'>dicam</span> <span class='ocrx_word' id='word_1_161' title='bbox 409 3370 434 3426; x_wconf 91' lang='lat' dir='ltr'>is</span> <span class='ocrx_word' id='word_1_162' title='bbox 450 3361 611 3450; x_wconf 82' lang='lat' dir='ltr'>syllabam</span> <span class='ocrx_word' id='word_1_163' title='bbox 632 3365 667 3426; x_wconf 92' lang='lat' dir='ltr'><em>in</em></span> <span class='ocrx_word' id='word_1_164' title='bbox 690 3363 780 3426; x_wconf 83' lang='lat' dir='ltr'>exitu</span> <span class='ocrx_word' id='word_1_165' title='bbox 802 3364 1061 3428; x_wconf 85' lang='lat' dir='ltr'>accusatiuorum</span> <span class='ocrx_word' id='word_1_166' title='bbox 1084 3361 1166 3426; x_wconf 86' lang='lat' dir='ltr'>decl.</span> <span class='ocrx_word' id='word_1_167' title='bbox 1183 3362 1237 3426; x_wconf 90' lang='lat' dir='ltr'>III</span> <span class='ocrx_word' id='word_1_168' title='bbox 1252 3385 1348 3448; x_wconf 88' lang='lat' dir='ltr'>quam</span> 
     </span>
     <span class='ocr_line' id='line_1_28' title="bbox 208 3473 1349 3560; baseline -0.002 -24"><span class='ocrx_word' id='word_1_169' title='bbox 208 3473 240 3536; x_wconf 85' lang='grc' dir='ltr'>Α</span> <span class='ocrx_word' id='word_1_170' title='bbox 255 3483 286 3537; x_wconf 91' lang='lat' dir='ltr'>et</span> <span class='ocrx_word' id='word_1_171' title='bbox 300 3475 322 3555; x_wconf 87' lang='grc' dir='ltr'><em>β</em></span> <span class='ocrx_word' id='word_1_172' title='bbox 338 3474 467 3559; x_wconf 88' lang='lat' dir='ltr'>saepius</span> <span class='ocrx_word' id='word_1_173' title='bbox 491 3481 718 3555; x_wconf 85' lang='lat' dir='ltr'>seruauerunt,</span> <span class='ocrx_word' id='word_1_174' title='bbox 742 3495 869 3560; x_wconf 89' lang='lat' dir='ltr'>semper</span> <span class='ocrx_word' id='word_1_175' title='bbox 890 3475 926 3536; x_wconf 92' lang='lat' dir='ltr'><em>in</em></span> <span class='ocrx_word' id='word_1_176' title='bbox 945 3493 976 3536; x_wconf 92' lang='lat' dir='ltr'>es</span> <span class='ocrx_word' id='word_1_177' title='bbox 992 3494 1061 3536; x_wconf 88' lang='lat' dir='ltr'>esse</span> <span class='ocrx_word' id='word_1_178' title='bbox 1076 3482 1243 3553; x_wconf 82' lang='lat' dir='ltr'>mutatam,</span> <span class='ocrx_word' id='word_1_179' title='bbox 1258 3481 1349 3536; x_wconf 86' lang='lat' dir='ltr'>tanta</span> 
     </span>
     <span class='ocr_line' id='line_1_29' title="bbox 210 3581 1349 3669; baseline -0.003 -23"><span class='ocrx_word' id='word_1_180' title='bbox 210 3592 259 3647; x_wconf 88' lang='lat' dir='ltr'>est</span> <span class='ocrx_word' id='word_1_181' title='bbox 273 3584 447 3649; x_wconf 87' lang='lat' dir='ltr'>formarum</span> <span class='ocrx_word' id='word_1_182' title='bbox 462 3585 615 3666; x_wconf 83' lang='lat' dir='ltr'>uarietas,</span> <span class='ocrx_word' id='word_1_183' title='bbox 630 3592 666 3647; x_wconf 91' lang='lat' dir='ltr'>ut</span> <span class='ocrx_word' id='word_1_184' title='bbox 681 3583 761 3669; x_wconf 90' lang='lat' dir='ltr'>quid</span> <span class='ocrx_word' id='word_1_185' title='bbox 776 3584 895 3646; x_wconf 86' lang='lat' dir='ltr'>rationi</span> <span class='ocrx_word' id='word_1_186' title='bbox 910 3583 1039 3646; x_wconf 86' lang='lat' dir='ltr'>cuidam</span> <span class='ocrx_word' id='word_1_187' title='bbox 1052 3581 1106 3646; x_wconf 91' lang='lat' dir='ltr'>uel</span> <span class='ocrx_word' id='word_1_188' title='bbox 1121 3582 1349 3646; x_wconf 88' lang='lat' dir='ltr'>consuetudini</span> 
     </span>
     <span class='ocr_line' id='line_1_30' title="bbox 208 3692 1347 3780; baseline -0.002 -23"><span class='ocrx_word' id='word_1_189' title='bbox 208 3694 416 3758; x_wconf 88' lang='lat' dir='ltr'>tribuendum</span> <span class='ocrx_word' id='word_1_190' title='bbox 433 3695 491 3775; x_wconf 80' lang='lat' dir='ltr'>sit,</span> <span class='ocrx_word' id='word_1_191' title='bbox 516 3692 595 3780; x_wconf 91' lang='lat' dir='ltr'>quid</span> <span class='ocrx_word' id='word_1_192' title='bbox 617 3692 789 3757; x_wconf 74' lang='lat' dir='ltr'>scribentis</span> <span class='ocrx_word' id='word_1_193' title='bbox 805 3694 920 3774; x_wconf 89' lang='lat' dir='ltr'>errori,</span> <span class='ocrx_word' id='word_1_194' title='bbox 937 3693 1087 3777; x_wconf 82' lang='lat' dir='ltr'>dignosci</span> <span class='ocrx_word' id='word_1_195' title='bbox 1108 3693 1176 3756; x_wconf 87' lang='lat' dir='ltr'>fere</span> <span class='ocrx_word' id='word_1_196' title='bbox 1198 3702 1347 3778; x_wconf 86' lang='lat' dir='ltr'>nequeat.</span> 
     </span>
     <span class='ocr_line' id='line_1_31' title="bbox 207 3804 1349 3890; baseline -0.002 -24"><span class='ocrx_word' id='word_1_197' title='bbox 207 3804 344 3889; x_wconf 89' lang='lat' dir='ltr'>Legitur</span> <span class='ocrx_word' id='word_1_198' title='bbox 370 3804 438 3867; x_wconf 87' lang='lat' dir='ltr'>fere</span> <span class='ocrx_word' id='word_1_199' title='bbox 467 3825 594 3890; x_wconf 86' lang='lat' dir='ltr'>semper</span> <span class='ocrx_word' id='word_1_200' title='bbox 620 3808 727 3885; x_wconf 80' lang='lat' dir='ltr'><em>nictit,</em></span> <span class='ocrx_word' id='word_1_201' title='bbox 761 3805 928 3867; x_wconf 88' lang='lat' dir='ltr'>rarissime</span> <span class='ocrx_word' id='word_1_202' title='bbox 959 3809 1064 3882; x_wconf 77' lang='lat' dir='ltr'><em>inicii,</em></span> <span class='ocrx_word' id='word_1_203' title='bbox 1098 3824 1185 3867; x_wconf 89' lang='lat' dir='ltr'>nunc</span> <span class='ocrx_word' id='word_1_204' title='bbox 1217 3809 1349 3882; x_wconf 78' lang='lat' dir='ltr'>quotiens</span> 
     </span>
     <span class='ocr_line' id='line_1_32' title="bbox 205 3913 1346 4004; baseline -0.003 -28"><span class='ocrx_word' id='word_1_205' title='bbox 205 3936 293 3978; x_wconf 89' lang='lat' dir='ltr'>nunc</span> <span class='ocrx_word' id='word_1_206' title='bbox 307 3921 431 3995; x_wconf 75' lang='lat' dir='ltr'>nautico,</span> <span class='ocrx_word' id='word_1_207' title='bbox 442 3915 509 4004; x_wconf 33' lang='lat' dir='ltr'><em>‘hio</em></span> <span class='ocrx_word' id='word_1_208' title='bbox 525 3919 621 3991; x_wconf 83' lang='lat' dir='ltr'>difert</span> <span class='ocrx_word' id='word_1_209' title='bbox 634 3913 702 3978; x_wconf 88' lang='lat' dir='ltr'>illio</span> <span class='ocrx_word' id='word_1_210' title='bbox 718 3917 836 3996; x_wconf 83' lang='lat' dir='ltr'>differt,</span> <span class='ocrx_word' id='word_1_211' title='bbox 860 3915 1051 4001; x_wconf 85' lang='lat' dir='ltr'>saepissime</span> <span class='ocrx_word' id='word_1_212' title='bbox 1065 3919 1187 3992; x_wconf 76' lang='lat' dir='ltr'>biennes,</span> <span class='ocrx_word' id='word_1_213' title='bbox 1205 3919 1346 3992; x_wconf 78' lang='lat' dir='ltr'>dampno,</span> 
     </span>
     <span class='ocr_line' id='line_1_33' title="bbox 207 4024 1347 4108; baseline -0.004 -21"><span class='ocrx_word' id='word_1_214' title='bbox 207 4038 394 4108; x_wconf 74' lang='lat' dir='ltr'>autumpnae,</span> <span class='ocrx_word' id='word_1_215' title='bbox 416 4024 579 4088; x_wconf 90' lang='lat' dir='ltr'>nonnullis</span> <span class='ocrx_word' id='word_1_216' title='bbox 601 4024 681 4088; x_wconf 87' lang='lat' dir='ltr'>locis</span> <span class='ocrx_word' id='word_1_217' title='bbox 704 4030 812 4105; x_wconf 76' lang='lat' dir='ltr'>trienne,</span> <span class='ocrx_word' id='word_1_218' title='bbox 836 4037 1015 4099; x_wconf 72' lang='lat' dir='ltr'>aattantnuS,</span> <span class='ocrx_word' id='word_1_219' title='bbox 1037 4024 1125 4088; x_wconf 89' lang='lat' dir='ltr'>haud</span> <span class='ocrx_word' id='word_1_220' title='bbox 1139 4025 1186 4088; x_wconf 82' lang='lat' dir='ltr'><em>ita</em></span> <span class='ocrx_word' id='word_1_221' title='bbox 1200 4043 1273 4086; x_wconf 90' lang='lat' dir='ltr'>raro</span> <span class='ocrx_word' id='word_1_222' title='bbox 1295 4028 1347 4084; x_wconf 89' lang='lat' dir='ltr'><em>tot-</em></span> 
     </span>
     <span class='ocr_line' id='line_1_34' title="bbox 206 4130 1349 4214; baseline -0.003 -16"><span class='ocrx_word' id='word_1_223' title='bbox 206 4143 320 4208; x_wconf 85' lang='lat' dir='ltr'>ierare,</span> <span class='ocrx_word' id='word_1_224' title='bbox 344 4141 454 4208; x_wconf 83' lang='lat' dir='ltr'><em>ilionis,</em></span> <span class='ocrx_word' id='word_1_225' title='bbox 478 4145 597 4212; x_wconf 82' lang='lat' dir='ltr'>arceat,</span> <span class='ocrx_word' id='word_1_226' title='bbox 623 4141 798 4214; x_wconf 87' lang='lat' dir='ltr'>ammonita,</span> <span class='ocrx_word' id='word_1_227' title='bbox 821 4156 894 4199; x_wconf 90' lang='lat' dir='ltr'>cum</span> <span class='ocrx_word' id='word_1_228' title='bbox 908 4157 986 4200; x_wconf 89' lang='lat' dir='ltr'>uera</span> <span class='ocrx_word' id='word_1_229' title='bbox 1007 4157 1073 4199; x_wconf 89' lang='lat' dir='ltr'>non</span> <span class='ocrx_word' id='word_1_230' title='bbox 1088 4133 1205 4213; x_wconf 86' lang='lat' dir='ltr'>desint,</span> <span class='ocrx_word' id='word_1_231' title='bbox 1228 4130 1349 4214; x_wconf 87' lang='lat' dir='ltr'>legitur</span> 
     </span>
     <span class='ocr_line' id='line_1_35' title="bbox 208 4247 1346 4326; baseline -0.004 -19"><span class='ocrx_word' id='word_1_232' title='bbox 208 4254 240 4308; x_wconf 92' lang='lat' dir='ltr'>et</span> <span class='ocrx_word' id='word_1_233' title='bbox 262 4250 423 4324; x_wconf 64' lang='lat' dir='ltr'>tiaratae,</span> <span class='ocrx_word' id='word_1_234' title='bbox 445 4250 576 4324; x_wconf 84' lang='lat' dir='ltr'>titonaite,</span> <span class='ocrx_word' id='word_1_235' title='bbox 600 4249 712 4324; x_wconf 81' lang='lat' dir='ltr'>tironos,</span> <span class='ocrx_word' id='word_1_236' title='bbox 742 4251 979 4326; x_wconf 70' lang='lat' dir='ltr'>enceniatum,</span> <span class='ocrx_word' id='word_1_237' title='bbox 1002 4250 1087 4321; x_wconf 85' lang='lat' dir='ltr'><em>itaci,</em></span> <span class='ocrx_word' id='word_1_238' title='bbox 1112 4247 1346 4320; x_wconf 70' lang='lat' dir='ltr'>astantumque,</span> 
     </span>
     <span class='ocr_line' id='line_1_36' title="bbox 206 4356 1344 4437; baseline -0.002 -19"><span class='ocrx_word' id='word_1_239' title='bbox 206 4363 379 4437; x_wconf 84' lang='lat' dir='ltr'>erictonius,</span> <span class='ocrx_word' id='word_1_240' title='bbox 407 4367 500 4429; x_wconf 86' lang='lat' dir='ltr'>ortos,</span> <span class='ocrx_word' id='word_1_241' title='bbox 532 4365 563 4420; x_wconf 88' lang='lat' dir='ltr'>et</span> <span class='ocrx_word' id='word_1_242' title='bbox 591 4360 736 4434; x_wconf 79' lang='lat' dir='ltr'>torena,</span> <span class='ocrx_word' id='word_1_243' title='bbox 764 4361 912 4428; x_wconf 77' lang='lat' dir='ltr'>cohercet,</span> <span class='ocrx_word' id='word_1_244' title='bbox 942 4359 1079 4434; x_wconf 81' lang='lat' dir='ltr'>baronis,</span> <span class='ocrx_word' id='word_1_245' title='bbox 1107 4357 1214 4426; x_wconf 77' lang='lat' dir='ltr'>tristia,</span> <span class='ocrx_word' id='word_1_246' title='bbox 1243 4356 1344 4416; x_wconf 79' lang='lat' dir='ltr'>toras.</span> 
     </span>
    </p>
   </div>
   <div class='ocr_carea' id='block_1_8' title="bbox 206 4463 1347 4633">
    <p class='ocr_par' dir='ltr' id='par_1_10' title="bbox 206 4463 1347 4633">
     <span class='ocr_line' id='line_1_37' title="bbox 206 4463 1347 4550; baseline -0.006 -18"><span class='ocrx_word' id='word_1_247' title='bbox 206 4476 271 4532; x_wconf 90' lang='lat' dir='ltr'>cet</span> <span class='ocrx_word' id='word_1_248' title='bbox 286 4477 298 4530; x_wconf 91' lang='lat' dir='ltr'><em>t</em></span> <span class='ocrx_word' id='word_1_249' title='bbox 316 4475 497 4550; x_wconf 87' lang='lat' dir='ltr'>mutantur,</span> <span class='ocrx_word' id='word_1_250' title='bbox 521 4466 580 4530; x_wconf 91' lang='lat' dir='ltr'>sed</span> <span class='ocrx_word' id='word_1_251' title='bbox 601 4477 638 4530; x_wconf 90' lang='lat' dir='ltr'>ut</span> <span class='ocrx_word' id='word_1_252' title='bbox 659 4488 676 4531; x_wconf 89' lang='lat' dir='ltr'>c</span> <span class='ocrx_word' id='word_1_253' title='bbox 698 4466 841 4531; x_wconf 89' lang='lat' dir='ltr'>crebrius</span> <span class='ocrx_word' id='word_1_254' title='bbox 864 4474 1028 4548; x_wconf 82' lang='lat' dir='ltr'>occurrat3</span> <span class='ocrx_word' id='word_1_255' title='bbox 1052 4463 1218 4529; x_wconf 89' lang='lat' dir='ltr'>inuenitur</span> <span class='ocrx_word' id='word_1_256' title='bbox 1232 4469 1347 4528; x_wconf 89' lang='lat' dir='ltr'>cercior</span> 
     </span>
     <span class='ocr_line' id='line_1_38' title="bbox 252 4570 1142 4633; baseline 0 -12"><span class='ocrx_word' id='word_1_257' title='bbox 252 4587 339 4633; x_wconf 76' lang='lat' dir='ltr'>noun,</span> <span class='ocrx_word' id='word_1_258' title='bbox 359 4589 425 4623; x_wconf 85' lang='lat' dir='ltr'>ov1n</span> <span class='ocrx_word' id='word_1_259' title='bbox 443 4587 480 4622; x_wconf 83' lang='lat' dir='ltr'>nx</span> <span class='ocrx_word' id='word_1_260' title='bbox 497 4586 597 4625; x_wconf 79' lang='lat' dir='ltr'>rouro.</span> <span class='ocrx_word' id='word_1_261' title='bbox 1125 4570 1142 4621; x_wconf 92' lang='lat' dir='ltr'>b</span> 
     </span>
    </p>
   </div>
   <div class='ocr_carea' id='block_1_9' title="bbox 0 0 1668 5182">
    <p class='ocr_par' dir='ltr' id='par_1_11' title="bbox 0 0 1668 5182">
     <span class='ocr_line' id='line_1_39' title="bbox 0 0 1668 5182; baseline 0 0"><span class='ocrx_word' id='word_1_262' title='bbox 0 0 1668 5182; x_wconf 95' lang='lat' dir='ltr'> </span> 
     </span>
    </p>
   </div>
  </div>
 </body>
</html>
