3326 5182
696 451 905 500 PRAEFATIO.
1226 453 1232 466 '
1323 453 1369 501 XV

227 602 334 669 culum
356 626 444 668 more
468 602 589 668 sacculi
618 606 670 668 sui
698 606 844 668 retinuit.
890 610 1026 668 Codicem
1048 612 1142 685 ipsum
1164 615 1283 671 soeculo
1304 611 1372 668 XI]
1445 651 1449 661 .

224 721 261 778 ob
288 721 348 778 olto
383 719 511 792 quodum
541 725 714 794 peruetusto
738 726 769 778 et
794 722 922 794 optimae
954 729 1041 779 notae
1074 721 1256 795 descriptum
1288 729 1392 794 pulo„

224 826 400 890 Recentior
436 834 545 888 tamen
580 824 699 910 aliquis
737 846 905 910 possessor
942 824 1080 889 aliorum
1112 824 1285 890 lectionem
1316 825 1370 889 uel

226 936 480 1021 suprascriptam
503 933 556 996 uel
577 936 761 1020 antiquiore
777 933 885 998 deleta
900 944 1078 999 correctam
1099 935 1210 999 multis
1233 937 1268 998 in
1290 935 1369 1000 locis

226 1046 405 1131 proposuit.
443 1044 483 1107 In
498 1043 694 1109 lectionibus
711 1067 783 1107 cum
800 1045 995 1109 Sarrauiano
1012 1047 1047 1129 (i.
1065 1069 1092 1108 e.
1110 1045 1369 1130 Hamburgensi)

227 1156 294 1218 fere
324 1156 489 1239 congruit3
527 1154 672 1239 singulas
700 1176 776 1218 uero
806 1153 960 1219 lectiones
997 1155 1038 1218 ab
1065 1154 1264 1240 reliquorum
1292 1157 1369 1218 scri-

227 1265 331 1352 pturis
360 1264 456 1350 plane
484 1264 633 1328 diuersas
657 1264 792 1329 exhibet
814 1271 958 1350 paucas!
1003 1263 1095 1327 Haeo
1125 1266 1227 1354 igitur
1254 1264 1369 1327 Harle-

227 1376 310 1438 sius:
345 1375 402 1460 qui
429 1397 511 1460 quac
539 1373 702 1455 diuinauit
729 1376 836 1460 potius
865 1397 961 1460 quam
992 1373 1172 1456 intellexit,
1202 1377 1370 1459 egregium

227 1485 357 1547 criticae
384 1486 448 1548 arti
473 1487 727 1548 instrumentum
750 1484 836 1548 hunc
865 1484 1010 1548 codicem
1039 1507 1125 1566 csse,
1156 1486 1268 1570 paucis
1297 1483 1369 1548 illu-

227 1594 414 1658 strabimus.
469 1596 520 1657 Ac
553 1579 694 1679 prim'um
727 1595 858 1680 quidem
894 1617 1009 1659 uersus
1046 1595 1102 1679 qui
1136 1596 1170 1658 in
1204 1595 1370 1658 codicibus

227 1703 461 1768 recentioribus
486 1713 561 1776 sunt
583 1714 657 1791 post
680 1704 708 1785 Ι,
724 1705 755 1786 2,
773 1705 792 1767 8
815 1714 847 1768 et
869 1705 920 1785 ΙΙ,
937 1705 967 1786 2,
984 1705 1035 1782 32,
1059 1727 1139 1790 quos
1163 1706 1197 1768 in
1220 1705 1370 1768 editioni-

228 1814 290 1879 bus
313 1813 477 1900 plerisque
499 1812 600 1879 lectos
617 1836 659 1892 ex
674 1823 766 1900 parte
781 1814 962 1878 Merkelius
978 1815 1128 1896 remouit,
1144 1816 1165 1896 β
1180 1836 1246 1878 non
1261 1814 1371 1895 habet,

227 1947 287 1987 nee
308 1925 336 2008 I,
353 1925 383 2007 8,
400 1924 442 1988 20
455 1923 514 1987 ubi
528 1925 561 1987 A
576 1946 707 1988 uersum
730 1925 851 1988 omittit
857 1974 867 2007 ,
890 1924 1080 2008 figmentum
1103 1924 1192 1988 istud
1214 1923 1369 1989 librorum

227 2034 407 2098 recentium
511 2051 514 2058 ·

429 2165 464 2207 se
487 2146 567 2208 satis
582 2144 749 2209 ulciscens
772 2145 884 2210 extitit
906 2146 977 2232 ipse
998 2167 1135 2227 nocens,

228 2255 286 2320 sed
308 2255 404 2340 longe
426 2255 585 2340 aptiorem
608 2255 706 2319 habet
734 2265 988 2342 pentametrum,
1018 2277 1211 2340 quamquam
1233 2277 1274 2318 ne
1297 2278 1369 2318 eum

228 2365 359 2451 quidem
381 2365 556 2449 genuinum
580 2364 679 2430 duco:

431 2472 569 2538 audaces
593 2477 717 2540 animos
741 2477 926 2540 contuderit
948 2474 1070 2562 populi.

312 2586 395 2649 Tum
418 2607 495 2650 uero
517 2585 666 2672 plurimis
689 2586 769 2650 locis
792 2608 865 2650 cum
887 2587 919 2650 A
933 2585 1009 2653 solo
1032 2595 1088 2648 aut
1109 2607 1203 2652 ueras
1227 2587 1371 2650 seruauit

227 2696 398 2777 lectiones,
426 2706 482 2759 aut
510 2707 597 2760 certe
624 2696 666 2762 ab
694 2698 808 2762 ceteris
839 2696 1006 2760 codicibus
1030 2696 1198 2758 dissentit:
1227 2694 1318 2758 uelut
1340 2689 1368 2777 I',

228 2807 259 2888 8,
275 2807 318 2870 44
338 2811 437 2870 clodio
481 2807 528 2889 ΙΙ,
551 2807 582 2888 9,
600 2807 670 2891 (49)
686 2807 728 2870 45
749 2813 836 2869 lassis
880 2806 924 2868 ib.
940 2807 981 2868 53
998 2806 1066 2888 (57)
1083 2811 1198 2894 ortptne
1241 2806 1282 2868 65
1300 2806 1370 2889 (69)

228 2923 281 2979 illo
324 2919 365 2980 89
389 2917 459 3002 (93)
482 2922 587 2995 quibus
608 2937 625 2978 o
646 2923 729 2980 licuit
773 2916 830 2978 101
849 2915 940 2999 (105)
964 2936 1034 2978 usus
1076 2915 1129 2996 ΙΙ,
1145 2916 1176 2996 3,
1194 2915 1235 2978 84
1250 2920 1374 2977 oettbolt

228 3033 307 3090 silua
361 3026 413 3108 ΙΙ,
436 3027 473 3108 4,
495 3027 537 3088 22
559 3031 664 3090 cecide
685 3031 888 3104 nestorr‘dcquc
942 3024 994 3107 ΙΙ,
1018 3025 1048 3108 7,
1071 3025 1114 3088 24
1129 3031 1244 3104 planus
1265 3032 1372 3088 nostris

228 3142 344 3201 casibus
367 3143 481 3216 (planis
502 3158 533 3200 n.
555 3146 599 3217 c.)
653 3136 700 3218 ΙΙ,
721 3137 754 3219 7,
777 3135 819 3200 35
840 3156 950 3198 uereor
1014 3134 1066 3217 ΙΙ,
1090 3135 1120 3216 8,
1143 3135 1185 3229 35
1205 3140 1373 3213 indeflettle

229 3247 275 3329 ΙΙ,
299 3249 330 3329 9,
352 3247 394 3311 43
414 3254 549 3324 peottsuc
567 3253 729 3326 pherorae.
785 3245 869 3310 Nolo
892 3254 970 3331 quot
992 3245 1174 3330 quibusque
1195 3243 1274 3309 locis
1299 3267 1371 3307 cum

229 3357 260 3420 A
283 3367 315 3420 et
336 3367 428 3443 parte
455 3357 673 3421 recentiorum
701 3356 850 3420 codicum
872 3357 940 3420 ueri
962 3357 1054 3418 testis
1078 3357 1122 3419 sit
1143 3344 1303 3442 pluribus
1316 3354 1370 3417 de-

229 3477 420 3550 monstrare,
436 3489 509 3530 cum
533 3469 596 3550 eis,
620 3490 702 3554 quae
717 3468 822 3554 posui,
838 3488 964 3530 summa
985 3467 1071 3529 inter
1091 3467 1123 3528 A
1139 3475 1170 3528 et
1185 3467 1206 3546 β
1228 3465 1371 3528 affinitas

230 3579 310 3642 satis
332 3577 506 3642 manifesta
528 3578 595 3642 fiat.
640 3577 715 3657 Qua
740 3577 819 3642 freti
840 3575 1004 3641 nonnullis
1027 3574 1107 3639 locis
1129 3577 1151 3657 β
1173 3575 1318 3638 codicem
1340 3575 1371 3636 A
1460 3579 1465 3584 '

231 3687 330 3771 libro,
354 3688 528 3774 antiquiori
551 3689 682 3773 quidem
705 3687 764 3752 sed
786 3696 953 3774 corrupto,
976 3687 1230 3773 anteposuimus.
1274 3683 1374 3748 Velut
1486 3751 1490 3756 ,

231 3821 273 3861 ex
296 3821 333 3862 eo
355 3800 557 3862 restituimus
580 3799 631 3882 ΙΙ,
654 3799 691 3881 4,
716 3800 734 3862 7
758 3805 946 3880 onteoculos
967 3807 1081 3860 nostros
1105 3804 1230 3876 posito
1260 3807 1303 3860 est
1323 3807 1373 3858 tuo

232 3908 278 3989 ΙΙ,
302 3909 332 3990 8,
355 3909 396 3972 53
418 3920 480 3972 tuto
523 3908 570 3992 ΙΙ,
595 3911 624 3990 7,
641 3910 682 3973 83
704 3915 816 3972 neuim.
862 3909 1014 3972 Ceterum
1037 3929 1091 3972 eas
1114 3917 1222 3994 partes
1245 3907 1280 3968 in
1303 3907 1372 3991 qui·

232 4018 293 4082 bus
308 4019 340 4082 A
356 4041 516 4102 caremus,
539 4021 561 4102 β
584 4017 662 4082 libri
683 4020 823 4104 uestigia
845 4027 975 4084 secutus
997 4020 1137 4101 restitui,
1164 4039 1294 4104 prorsus
1317 4037 1372 4078 ne-

186 4185 192 4192 .
231 4127 346 4212 gleetis
368 4131 585 4194 recentiorum
606 4129 842 4216 exemplarium
866 4128 1054 4215 elegantiis,
1078 4149 1213 4213 quorum
1233 4125 1276 4188 ad
1298 4147 1371 4190 nor·

233 4261 317 4302 nram
339 4239 379 4302 N.
404 4240 578 4323 Heinsius,
608 4242 699 4304 cuius
729 4242 762 4304 in
790 4242 886 4304 tertio
916 4249 1094 4325 quartoque
1116 4236 1200 4300 libro
1222 4236 1262 4300 R.
1286 4237 1372 4301 Mer·

232 4348 340 4414 kelius
377 4350 502 4414 assecla
535 4361 600 4433 est,
634 4360 760 4414 textum
789 4349 1014 4415 conformauit.
1060 4347 1266 4435 Quamquam
1288 4351 1372 4432 ned

232 4461 364 4547 quidem
379 4462 469 4526 uitiis
486 4471 574 4526 caret
588 4463 641 4526 uel
656 4461 882 4546 neglegentiae
899 4460 1089 4544 (eorundem
1109 4460 1281 4525 uerborum
1298 4470 1372 4524 sunt
