3322 5186
645 394 710 477 111,
736 403 762 464 7.
787 403 887 467 o-s,
905 405 953 462 10.

320 586 377 628 cur
397 563 522 650 aliquid
545 563 585 626 de
607 586 658 627 me
680 566 809 652 sporaui
831 563 937 632 lenius
958 570 1133 655 umquam?

360 696 403 738 an
424 674 555 738 fortuna
576 673 656 738 mihi
680 675 726 739 sic
748 697 820 738 mea
841 685 918 740 nota
940 677 1027 742 fuit?

317 793 469 870 torqueor
492 806 532 847 en
553 785 703 868 grauius,
727 786 929 872 repetitaque
951 787 1056 852 forma
1078 787 1220 854 locorum

277 876 280 883 A
360 892 495 958 exilium
516 901 651 958 renouat
672 895 766 958 triste
788 917 964 981 recensque
987 897 1076 962 iacit.

254 1011 294 1068 35
318 1012 496 1068 esttamen
517 1001 629 1068 utilius
652 1003 795 1068 studium
818 1027 963 1070 cessasse
986 1029 1128 1071 meorum
1136 1057 1145 1089 ‚

358 1136 455 1200 quam
477 1135 556 1200 quas
578 1113 740 1178 admorint
761 1137 826 1179 non
847 1113 989 1180 ualuisse
1011 1139 1132 1203 preces.

316 1246 433 1308 magna
456 1222 587 1310 quidem
608 1246 661 1288 res
685 1233 750 1306 est,
774 1247 870 1311 quarn
892 1249 957 1291 non
978 1226 1123 1309 audatie,
1146 1230 1259 1292 amici:

358 1332 416 1397 sed
439 1334 467 1396 si
490 1335 562 1419 quis
585 1343 723 1421 poteret,
747 1336 802 1420 qui
825 1335 903 1398 dare
925 1335 1024 1400 uellet
1047 1347 1124 1401 erat.

316 1441 489 1508 dummodo
511 1466 576 1507 non
597 1443 691 1508 nobis
714 1442 775 1508 hoo
797 1443 946 1509 Caesaris
970 1447 1016 1510 ira
1039 1448 1182 1532 negarit,

252 1560 293 1617 40
356 1552 486 1618 fortiter
508 1552 649 1616 Euxinis
672 1554 881 1618 inmoriemur
902 1557 1007 1641 aquis.

231 1773 263 1842 8.
321 1773 414 1853 Quae
436 1773 498 1837 tibi
521 1773 715 1859 quaerebam
737 1795 911 1838 memorem
933 1758 1088 1840 testantia
1103 1798 1212 1839 euram
1281 1779 1285 1794 '

356 1882 442 1946 dona
464 1883 653 1947 Tomitanus
676 1885 806 1947 mittere
828 1893 938 1970 posset
959 1907 1048 1970 ager.

315 1992 433 2078 dignus
457 2014 488 2056 es
512 2001 657 2077 argento,
680 1992 771 2056 fuluo
793 2015 920 2080 quoque
943 1994 1075 2079 dignior
1097 2018 1192 2060 auro:

356 2102 413 2166 sed
435 2111 483 2184 te,
507 2124 579 2166 curn
602 2101 722 2184 donas,
746 2103 808 2166 ista
830 2105 942 2167 iuuare
965 2103 1085 2168 soient:

272 2219 291 2276 5
313 2234 373 2276 nec
394 2221 502 2275 tamen
524 2212 603 2276 haec
625 2211 696 2276 loca
718 2221 793 2276 sunt
814 2211 880 2276 ullo
902 2215 1045 2300 pretiosa
1067 2214 1213 2280 metallo:

355 2321 457 2386 hostis
480 2321 522 2385 ab
543 2320 687 2406 agricola
709 2321 768 2385 uix
790 2323 869 2386 sinit
891 2321 947 2386 ills
968 2323 1047 2390 fodi.

232 2499 241 2518 l
312 2454 456 2519 purpura
478 2453 575 2518 saepe
596 2441 670 2496 tuos
693 2430 822 2518 fulgens
844 2435 1006 2520 praetexit
1027 2436 1181 2500 amictus:

355 2542 412 2606 sed
435 2565 499 2606 non
522 2541 699 2607 Sarmatico
721 2543 860 2628 tingitur
881 2542 938 2606 illa
959 2547 1051 2608 mari.

312 2650 434 2716 uellera
456 2652 538 2715 dura
559 2651 668 2716 ferunt
689 2653 829 2739 pecudes
835 2701 844 2736 ,
868 2663 900 2718 et
921 2653 1065 2718 Palladis
1088 2655 1136 2718 uti

252 2768 291 2826 10
354 2770 424 2826 arte
447 2761 637 2826 Tomitanae
659 2784 723 2826 non
746 2761 890 2832 didicere
911 2785 1023 2827 nurus.

295 3021 325 3070 31
345 3019 439 3070 mitius
457 3036 472 3069 τ
489 3018 578 3069 leuius
597 3019 767 3084 sperauimus
785 3026 809 3083 ψ
869 3021 901 3070 32
920 3034 956 3068 an
974 3033 1015 3067 me
1033 3018 1143 3068 fortuna
1162 3021 1202 3069 sic
1220 3017 1286 3068 mihi
1304 3020 1327 3069 D
1348 3017 1371 3085 ii

227 3159 294 3203 nota
313 3154 416 3204 iacritt
438 3150 451 3219 ΙΙ
467 3096 549 3203 hdiiF
618 3157 651 3204 33
668 3157 796 3217 torqueor
813 3153 908 3218 heurt
931 3150 943 3219 ΙΙ
966 3153 1179 3218 recitataqueL
1204 3150 1216 3220 ΙΙ
1238 3153 1363 3203 laborum

228 3221 250 3271 C
302 3223 335 3272 34
353 3226 467 3270 reuocet
485 3223 533 3283 uu
590 3223 623 3272 35
642 3226 780 3270 ettamen
800 3223 820 3271 P
842 3217 855 3287 11
883 3237 1007 3272 cessasse
1026 3219 1193 3288 {iOLPexco
1213 3221 1362 3285 Politianur

228 3305 339 3340 cessare
360 3289 487 3340 Daren
556 3290 587 3340 36
606 3289 750 3338 admorunt
770 3289 794 3339 (ἓ
817 3294 971 3340 ammorunt
992 3289 1039 3339 LP
1064 3288 1204 3340 admonuit
1226 3288 1248 3338 O
1271 3289 1364 3340 admo·

227 3390 316 3454 nuirp
368 3392 400 3440 37
419 3390 467 3439 sed
484 3405 571 3440 nont
594 3387 606 3454 ΙΙ
629 3389 732 3438 auditis
753 3389 780 3440 ε2
845 3393 878 3440 39
896 3367 974 3440 iiobis
993 3388 1020 3454 [n
1038 3393 1064 3439 in
1081 3387 1147 3453 raa]
1170 3391 1192 3439 F
1216 3389 1295 3438 uobis
1313 3391 1362 3440 LV

225 3473 269 3521 pr,
288 3457 382 3510 Medic.
400 3465 424 3516 ψ
442 3458 478 3506 H.
502 3456 548 3522 [cf.
568 3457 610 3515 II,
630 3461 653 3516 1,
673 3454 716 3521 12]
739 3453 751 3522 Η
779 3457 920 3507 dummodo
943 3457 968 3506 si
991 3459 1012 3506 P
1035 3455 1047 3523 ΙΙ
1070 3456 1139 3506 haec
1162 3457 1257 3520 FGPw
1280 3453 1292 3522 ΙΙ
1315 3473 1362 3507 ne·

227 3538 309 3654 guidi
330 3593 368 3642 [ιε
390 3543 540 3658 negariiid
563 3591 678 3656 negabit
694 3592 718 3641 N
787 3593 820 3641 40
843 3591 959 3640 forsitan
981 3591 1047 3640 LNv
1070 3590 1170 3640 fortius
1193 3591 1215 3639 F
1237 3585 1249 3655 ΙΙ
1273 3589 1362 3640 exinis

226 3659 272 3708 FP
292 3655 303 3724 ΙΙ
327 3661 511 3710 irnmoriamur
530 3666 567 3724 εψ
586 3675 640 3708 non
658 3657 680 3707 l’
700 3675 749 3710 nos
768 3659 912 3708 moriemur
928 3658 952 3708 V
970 3674 1024 3708 non
1042 3660 1186 3708 moriemur
1206 3658 1227 3706 L

293 3762 379 3822 III‚8
408 3759 552 3810 MAXIMO
566 3757 608 3826 {JV
625 3759 698 3809 hane
716 3758 863 3824 epistolam
881 3759 966 3808 mittit
977 3759 1130 3808 Maximo?
1185 3759 1361 3809 lmemorem

226 3829 394 3890 quaerebam
412 3828 434 3877 P
496 3828 619 3891 apossit
636 3829 658 3877 P
722 3830 843 3877 boone
905 3826 1286 3877 iinonsinitruecl'uix
1305 3827 1327 3876 V
1348 3823 1360 3890 Η

227 3895 287 3946 finit
304 3897 325 3946 Ρ
348 3893 360 3963 ΙΙ
383 3895 474 3946 istaG
521 3897 535 3946 7
554 3894 619 3945 deos
633 3893 661 3946 επ
678 3891 690 3960 ll
707 3895 827 3960 protexit
839 3893 909 3944 GEL
925 3890 938 3961 il
955 3909 1074 3961 purpura
1093 3910 1191 3960 nempe
1209 3896 1274 3947 coni.
1287 3897 1323 3944 II.

225 4033 242 4080 8
261 4046 321 4080 eum
340 4046 393 4080 non
413 4046 425 4081 ε
449 4027 461 4096 ΙΙ
484 3991 758 4080 sarmatica-manu
775 4035 799 4094 ψ
818 3987 900 4080 aiddu
919 4034 962 4080 est
978 4030 1006 4079 in
1024 4034 1108 4094 ponto
1126 4029 1219 4078 insula
1236 4026 1283 4093 Fu
1300 4034 1361 4079 tan-

226 4099 299 4163 gitur
316 4115 332 4149 τ
350 4099 451 4148 texitur
468 4115 484 4148 τ
502 4097 620 4162 cingitur
638 4115 653 4148 τ
676 4094 688 4163 ΙΙ
711 4096 769 4148 uile
788 4099 857 4147 mari
875 4114 889 4148 z
953 4101 968 4148 9
986 4097 1090 4148 uellere
1113 4095 1174 4145 dum
1196 4096 1297 4146 suerint
1314 4113 1360 4162 pe-

226 4179 309 4284 cudi:
322 4232 339 4298 β
351 4232 456 4282 uellera
468 4231 546 4283 nulls
558 4239 581 4295 ψ
593 4227 605 4298 ΙΙ
617 4236 645 4282 at
656 4231 780 4284 Palladis
792 4234 857 4284 coni.
870 4232 995 4298 Scaliger.
1031 4234 1063 4282 10
1074 4245 1157 4280 nurus
1169 4227 1189 4278 1’
1203 4244 1300 4280 manus
1311 4231 1360 4294 Εψ

311 4423 349 4482 35
372 4441 477 4480 cessare
499 4425 531 4482 M
594 4423 632 4484 39
656 4413 733 4480 nohis
755 4424 787 4481 Η
