3326 5182
280 405 357 475 xinr
745 411 954 460 1111881118.

281 581 316 660 2,
340 579 381 644 33
404 598 450 662 sq.
481 580 633 660 quattuor
659 588 812 632 uersuum
834 565 890 650 qui
912 562 1115 628 circumferri
1137 562 1241 626 solent
1262 571 1345 645 tres,
1368 560 1423 625 he-

283 687 425 752 xametri
448 684 512 748 duo
536 690 568 744 et
589 700 671 742 unus
694 683 896 763 pentameter
912 673 969 758 (cf.
985 695 1096 759 appar.
1113 673 1212 758 orit),
1236 674 1266 736 ei
1288 672 1426 759 tempori

283 797 360 865 libri
387 793 546 878 originem
575 789 690 852 merito
717 785 907 865 tribuimus,
936 805 999 869 quo
1027 782 1136 848 studia
1163 791 1347 870 poematum
1370 804 1425 845 ex-

283 904 507 993 poliendorum
536 897 703 976 incohata,
733 893 876 958 nondum
903 893 997 957 finita
1025 901 1132 974 erant,
1162 914 1356 980 quamquam
1378 913 1426 955 re-

285 1017 428 1080 centiore
450 1018 556 1073 aetate
579 1028 675 1092 quarn
693 1005 722 1068 B
745 1014 777 1067 et
799 1003 828 1068 O
851 1002 995 1068 codicem
1017 1005 1045 1068 N
1070 1012 1238 1068 exaratum
1260 1023 1331 1066 esse
1353 1023 1427 1066 oon-

285 1133 360 1190 stat.
396 1119 502 1186 Multo
525 1118 611 1180 enim
633 1115 730 1180 latius
754 1135 851 1200 quam
872 1114 907 1176 in
929 1113 994 1176 illis
1017 1121 1155 1196 uagatur
1176 1113 1392 1198 interpolatio.

369 1231 444 1295 Non
466 1227 571 1293 solum
594 1227 679 1288 enim
701 1222 908 1288 hemistichia
929 1221 1025 1308 plane
1046 1244 1131 1286 noua
1152 1224 1362 1287 inueniuntur
1385 1223 1428 1306 (e.

263 1307 337 1428 ,gi
354 1341 400 1422 11,
418 1341 446 1420 1,
462 1338 514 1402 54.
538 1335 565 1416 1,
583 1335 632 1416 ro,
649 1335 717 1419 38),
741 1333 799 1398 ses
822 1333 920 1396 enam
942 1340 1010 1395 toa
1032 1330 1174 1395 11111811
1195 1341 1232 1396 ut
1253 1333 1300 1395 ra
1322 1333 1430 1396 aream

286 1450 455 1518 occasione
483 1447 559 1510 data
586 1445 728 1528 migrant
757 1441 814 1526 (cf.
839 1464 914 1528 app.
937 1441 1008 1505 crit.
1038 1439 1081 1503 ad
1109 1440 1161 1524 ΙΙ,
1183 1441 1220 1523 2,
1246 1440 1429 1525 1681111,

288 1563 319 1643 9,
337 1561 387 1624 73.
404 1558 471 1642 74).
502 1553 673 1619 Accedunt
687 1552 862 1620 uerborum
885 1545 1086 1635 singulorum
1107 1551 1301 1616 mutationes
1324 1553 1431 1615 textui

284 1667 433 1734 'ornando
462 1664 644 1728 destinatae
671 1684 773 1749 paene
800 1658 1069 1742 innumerabiles,
1104 1682 1240 1748 quarum
1268 1660 1430 1724 11888811-

287 1797 408 1865 ponere
431 1775 510 1838 satis
533 1772 653 1836 habeo:
678 1773 710 1853 Ι,
735 1773 765 1854 7,
787 1771 965 1834 4681811188
987 1769 1018 1832 N
1040 1775 1153 1834 modice
1173 1770 1257 1853 ANB
1299 1771 1339 1835 51
1362 1791 1432 1834 suas

290 1891 426 1966 quamuis
447 1883 507 1946 NB
529 1889 617 1946 etium
638 1883 692 1964 AN
740 1881 782 1946 56
804 1884 894 1944 crede
915 1879 946 1942 N
968 1885 1060 1944 oredo
1081 1879 1164 1962 ANB
1217 1880 1258 1944 63
1274 1886 1433 1959 permittas

289 1997 320 2060 N
340 2000 487 2074 permittis
508 1991 591 2074 ANB
634 1991 662 2073 Ι,
679 1991 710 2074 8,
728 1991 767 2056 13
789 1997 849 2069 ipsi
869 1991 899 2054 N
922 1995 993 2069 ipsis
1014 1988 1098 2072 ANB
1140 1989 1183 2052 24
1204 2003 1287 2053 terra
1302 1991 1333 2054 N
1347 2010 1432 2053 roma

289 2103 375 2186 ANB
429 2103 616 2166 4488118111
638 2100 698 2164 NB
720 2105 819 2165 clodio
834 2101 888 2182 AN
941 2099 982 2163 48
1004 2119 1064 2162 non
1085 2111 1154 2164 runt
1173 2099 1203 2164 N
1219 2120 1278 2164 aon
1301 2113 1330 2163 et
1350 2099 1433 2182 ANB

290 2215 318 2295 Ι,
343 2214 374 2295 9,
389 2213 431 2277 52
450 2215 535 2288 fudit
555 2209 586 2274 N
608 2217 697 2273 uertit
717 2210 801 2292 ANB
858 2210 887 2292 1,
911 2210 960 2293 10,
985 2210 1024 2272 12
1043 2215 1146 2287 puella
1161 2209 1192 2271 N
1207 2215 1328 2272 iuuenta
1349 2209 1434 2292 ANB

291 2324 406 2408 Itaque
435 2322 497 2384 etsi
529 2317 693 2383 nonnullis
723 2318 803 2383 locis
837 2340 961 2384 errores
989 2316 1106 2404 quibus
1135 2317 1212 2382 libri
1238 2303 1432 2384 uetustiores

290 2431 399 2496 affecti
421 2437 498 2493 sunt
505 2476 514 2510 ,
539 2429 702 2492 enitantur
715 2430 767 2513 le.
791 2451 840 2513 gr.
862 2428 891 2510 Ι,
914 2428 945 2510 8,
968 2428 1007 2492 51
1031 2449 1108 2506 rupe
1129 2428 1160 2492 N
1181 2449 1254 2492 rare
1275 2428 1359 2511 ANB
1381 2428 1433 2493 cll.

291 2541 319 2623 I,
344 2540 373 2620 8,
397 2538 448 2603 35.
472 2537 527 2622 66)
555 2546 652 2624 atque
678 2539 736 2602 ubi
764 2537 893 2601 codices
921 2537 1118 2602 recentiores
1146 2559 1282 2624 quorum
1304 2560 1433 2603 accura-

291 2659 358 2712 tam
380 2647 536 2711 habemus
564 2648 714 2711 notitiam
743 2645 825 2710 falsa
852 2645 1027 2733 praebent,
1055 2669 1129 2711 811111
1150 2646 1233 2731 ANB
1255 2669 1333 2712 uera
1354 2671 1432 2713 non·
1524 2633 1539 2736 ’1

292 2778 467 2843 numquam
489 2756 519 2821 N
542 2757 686 2820 seruauit
709 2756 756 2841 (I,
779 2756 810 2838 4,
833 2757 886 2821 30.
908 2756 960 2821 36.
983 2757 1034 2821 37.
1058 2757 1090 2838 Ι,
1115 2759 1145 2840 7,
1169 2757 1199 2823 8.
1222 2757 1297 2842 65),
1325 2768 1434 2823 tamen

293 2889 330 2931 ea
352 2855 434 2952 quae
457 2866 542 2931 bona
563 2867 789 2948 inueniuntur,
811 2888 877 2930 non
892 2866 995 2953 pluris
1011 2867 1213 2931 aestimanda
1228 2877 1314 2950 sunt,
1338 2889 1434 2955 quam

292 2977 511 3057 coniecturae,
540 2997 604 3038 non
632 2986 699 3040 tam
723 2997 764 3039 ex
791 2986 881 3040 recta
902 2998 966 3062 qua
988 2977 1133 3040 earmina
1155 2977 1348 3063 expolienda
1369 2980 1435 3044 sint

292 3085 417 3149 ratione
440 3106 536 3170 quarn
559 3105 601 3146 ex
622 3084 710 3148 felici
733 3085 874 3170 quodam
896 3087 997 3150 animi
1019 3088 1144 3172 impetu
1165 3097 1272 3151 natae.

377 3193 477 3257 Libro
504 3192 758 3258 Bersmanniano
786 3193 954 3281 aequales,
984 3196 1013 3259 si
1041 3196 1187 3282 catalogo
1215 3197 1434 3262 bibliothecae

293 3301 469 3388 imperialis
492 3303 660 3366 Parisinae
682 3303 883 3390 Heinsioque
905 3303 986 3369 fides
1009 3315 1074 3389 est,
1104 3316 1170 3370 tres
1198 3317 1273 3372 sunt
1295 3307 1434 3391 codices,

294 3433 430 3498 quarum
453 3411 650 3477 conlationes
679 3415 714 3477 in
742 3413 870 3479 schedis
899 3413 1090 3480 Heinsianis
1120 3426 1249 3499 extant,
1279 3441 1358 3504 quos
1380 3417 1436 3482 ille

294 3537 428 3584 nnmvu
441 3521 509 3605 (0),
531 3539 722 3587 rvrunuvu
734 3524 808 3609 (D),
832 3534 864 3588 et
881 3541 1014 3588 nonum
1036 3523 1156 3589 librum
1169 3527 1228 3610 (Ε)
1244 3526 1434 3613 adpellauit.

294 3630 415 3695 Eorum
437 3633 560 3718 priores
584 3633 648 3696 duo
670 3633 777 3697 adhuc
800 3643 914 3698 extant
934 3634 1087 3716 Parisiis,
1119 3635 1160 3698 de
1182 3635 1294 3726 codice
1316 3637 1436 3702 Moreti

293 3738 455 3804 nihildum
476 3741 557 3804 mihi
578 3743 729 3807 innotuit.

377 3849 428 3913 Ac
450 3865 575 3914 8118118
599 3852 745 3937 quidem,
775 3875 861 3917 nune
882 3875 1015 3918 numero
1038 3855 1120 3920 7993
1144 3857 1308 3942 signatus,
1336 3878 1434 3920 mem-

293 3959 488 4042 branaceus,
517 3958 621 4024 forma
651 3961 792 4046 oblonga
818 3965 956 4045 maiore,
991 3966 1081 4028 cuius
1118 3966 1265 4051 singulae
1297 3969 1436 4054 paginae

294 4079 403 4134 ternos
425 4092 578 4135 uersuum
607 4072 907 4157 quinquagenorum
930 4083 1159 4160 quaternorum
1182 4078 1311 4143 ordines
1334 4079 1434 4142 eonti-

295 4188 388 4258 nent,
411 4201 431 4242 a
452 4179 602 4246 181758
615 4217 658 4228 —
673 4180 750 4246 861)
773 4183 894 4265 tristia,
923 4183 1000 4248 inde
1022 4186 1064 4248 ad
1086 4185 1142 4252 fol.
1169 4188 1247 4252 10]h
1270 4186 1370 4252 libros
1394 4211 1436 4252 ex

295 4287 397 4351 Ponto
424 4312 533 4376 usque
560 4291 602 4354 ad
629 4314 759 4356 uersum
787 4291 838 4376 II,
862 4295 891 4377 7,
914 4295 957 4358 42
985 4295 1229 4383 complectitur,
1263 4306 1435 4384 utrumque

295 4419 374 4481 opus
410 4407 592 4465 atramento
628 4402 783 4468 subfusco
820 4425 920 4490 eoque
956 4405 1159 4491 plurifariam
1175 4408 1178 4412 ’
1196 4415 1262 4470 tam
1297 4408 1434 4473 euanido
1536 4489 1542 4498 .
