3308 5184
665 467 726 554 lv,
752 478 799 542 rs,
823 477 956 538 20-52.

369 636 535 702 clauderet
556 638 724 725 inparibus
747 640 848 703 uerba
871 640 1005 728 Capella
1026 641 1147 705 modis:

326 769 464 833 cumque
486 748 592 812 forent
613 747 687 830 alii,
712 771 849 834 quorum
870 751 952 814 mihi
974 759 1091 825 cuncta
1112 749 1233 813 referre

367 853 499 921 nomina
521 857 619 942 longa
640 881 731 922 mora
755 869 820 943 est,
844 861 987 923 earmina
1008 858 1126 944 uulgus
1148 858 1262 922 habet:

327 978 434 1032 essent
457 977 490 1031 et
511 969 662 1050 iuuenes,
687 990 823 1055 quorum
846 971 933 1056 quod
954 969 1078 1033 inedita
1096 991 1178 1054 ¹cura
1200 979 1266 1049 est,

263 1083 304 1142 40
368 1075 636 1164 adpellandorum
657 1077 705 1140 nil
726 1079 808 1143 mihi
830 1081 910 1144 iuris
932 1078 1038 1143 adest.

206 1169 208 1176 ,
325 1195 359 1276 te
379 1196 488 1252 tamen
509 1189 544 1252 in
565 1188 662 1252 turba
683 1211 748 1253 non
769 1191 892 1273 ausim,
917 1189 1030 1272 Cotta,
1054 1187 1160 1271 silere,

366 1296 534 1362 Pieridum
557 1297 666 1362 lumen
688 1299 953 1386 praesidiumque
979 1298 1060 1381 fori,

325 1417 487 1473 maternos
511 1407 623 1473 Cottas
647 1409 699 1472 cui
721 1407 957 1501 Messallasque
979 1418 1130 1495 paternos

367 1520 511 1582 maxima
533 1517 687 1584 nobilitas
710 1519 911 1604 ingeminata
934 1517 1035 1583 dedit.

262 1633 302 1690 45
326 1627 434 1692 dicere
457 1629 485 1693 si
508 1629 556 1693 fas
581 1641 647 1710 cst,
672 1627 759 1692 claro
780 1651 853 1692 mea
874 1629 1004 1692 nomine
1027 1627 1122 1692 Musa

368 1747 466 1825 atque
487 1740 573 1802 inter
595 1747 703 1804 tantos
727 1761 809 1824 quae
831 1738 994 1824 legeretur
1016 1747 1095 1802 erat.

327 1869 403 1932 ergo
426 1847 610 1913 submotum
631 1850 738 1936 patria
760 1849 980 1936 proscindcre,
1004 1847 1099 1932 liuor,

371 1959 484 2022 desine
506 1979 570 2022 neu
592 1959 718 2024 cineres
742 1980 872 2045 sparge,
897 1968 1043 2030 cruente,
1066 1979 1166 2022 meos.

329 2049 444 2132 omnia
458 2067 678 2156 perdidimus:
701 2069 924 2133 tantummodo
946 2071 1015 2133 uita
1036 2067 1150 2133 relicta
1172 2078 1237 2151 est,

263 2185 304 2244 50
368 2179 524 2266 praebeat
546 2189 582 2244 ut
604 2202 738 2244 sensum
759 2181 994 2266 materiamque
1016 2179 1110 2242 mali:
1345 2262 1348 2275 Ι

325 2289 405 2375 quid
427 2290 518 2353 iuuat
541 2291 703 2354 extinctos
727 2289 849 2354 ferrum
872 2290 1043 2354 demittere
1065 2291 1100 2353 in
1121 2288 1235 2354 artus?

368 2421 433 2464 non
454 2399 553 2464 habet
574 2400 610 2464 in
630 2401 726 2466 nobis
749 2402 813 2464 iam
835 2423 920 2464 noua
941 2399 1039 2486 plaga
1061 2399 1177 2464 locum.
1228 2448 1239 2464 .

308 2609 341 2657 37
359 2623 477 2672 quorum
490 2624 532 2658 me
551 2609 576 2658 D
595 2623 621 2672 q.
641 2607 719 2658 modo
737 2608 762 2656 N
808 2608 840 2656 38
858 2622 934 2656 mora
951 2606 1075 2672 longuP
1099 2604 1110 2672 ΙΙ
1133 2607 1237 2656 habent
1256 2623 1300 2670 pr.
1325 2603 1385 2657 Mc·

242 2676 337 2739 dieat
389 2677 422 2726 39
446 2691 523 2726 musa
546 2675 597 2726 De
617 2690 718 2726 caussa
736 2673 889 2740 {lCELsNP
908 2691 974 2724 cura
992 2691 1008 2724 τ
1026 2675 1063 2727 H.
1105 2676 1137 2724 41
1157 2680 1236 2724 tanta
1255 2675 1283 2723 in
1301 2675 1384 2726 turba

241 2743 312 2807 ΕΡψ
330 2746 436 2792 tantum
454 2744 483 2793 in
501 2747 520 2797 t.
539 2743 564 2794 N
579 2739 592 2809 ΙΙ
610 2749 691 2793 cocta
709 2743 731 2792 P
777 2744 811 2792 42
829 2743 889 2792 fore
908 2741 932 2792 εί
977 2743 1011 2792 43
1029 2746 1222 2806 maternosque
1242 2747 1319 2791 cetae
1339 2743 1384 2792 eui

240 2809 457 2874 messalinosque
480 2812 504 2862 G
528 2811 667 2861 fraternas
695 2813 773 2862 cotes
797 2811 842 2859 cui
864 2807 1053 2873 messalasque
1080 2814 1213 2874 paternas
1236 2811 1260 2859 L
1285 2811 1383 2860 irater·

242 2892 291 2927 nos
312 2894 334 2930 e.
355 2876 378 2928 s¹
402 2883 541 2928 maternos
564 2883 655 2929 cottas
678 2880 723 2928 eui
743 2877 931 2942 messalosqne
958 2882 1090 2942 paternos
1107 2878 1131 2928 N
1151 2883 1244 2926 coctas
1270 2892 1293 2931 e.
1312 2893 1383 2928 mee·

241 2944 355 3010 saleque
377 2945 400 2995 P
426 2947 646 3011 messalosqnee
714 2948 748 2996 44
770 2943 924 3010 maximati
949 2961 1019 2997 corr.
1036 2945 1154 2995 maxime
1172 2943 1218 3010 βῑῖ
1242 2951 1268 2995 et
1285 2962 1299 2995 e
1317 2948 1382 2998 roni.

240 3012 382 3066 Burmann.
399 3016 523 3079 proxima
540 3016 565 3064 N
610 3016 644 3065 45
661 3029 740 3064 musa
759 3017 802 3063 est
819 3013 843 3062 G
894 3016 928 3064 46
946 3011 1123 3079 regereturfl
1166 3013 1200 3062 47
1218 3013 1383 3063 suminotum

241 3079 263 3129 P
302 3083 336 3132 48
353 3096 402 3132 nec
420 3083 528 3132 cineres
546 3081 622 3133 Ge'N
674 3085 706 3133 50
724 3081 805 3131 malis
824 3080 897 3132 GH.
915 3078 1197 3146 malidCDllLsNPo)
1243 3084 1275 3131 51
1293 3081 1383 3130 dimit-

241 3152 299 3197 tere
316 3143 545 3214 dCDEGLsNPm
563 3151 599 3200 H.
617 3149 764 3200 demittere
782 3151 841 3199 edd.
859 3155 921 3203 aeti.
940 3149 978 3202 M.

308 3249 484 3300 EXPLICIT
502 3250 652 3301 OVIDIVS
671 3250 721 3300 Du
740 3250 896 3300 PONTOC
914 3249 1037 3315 Explicit
1056 3250 1129 3301 liber
1141 3251 1171 3304 P.
1191 3250 1284 3300 Ouidii
1295 3251 1383 3301 Naso·

241 3318 285 3434 pilas
302 3317 628 3437 pprilfl'pontpetlllussgplicit
645 3319 714 3369 liber
733 3318 818 3369 ouidii
837 3317 870 3369 de
883 3323 966 3384 ponto
980 3317 1014 3367 L²
1032 3317 1084 3384 t'pic
1096 3318 1168 3368 liber
1180 3319 1307 3383 expletur
1319 3335 1382 3384 gra·

327 3577 368 3634 50
390 3578 466 3633 usalis
489 3578 553 3633 ΗΜ
617 3576 654 3632 51
680 3577 816 3633 dimittere
839 3578 877 3633 H.
