3326 5182
300 482 361 529 xvr
429 467 435 478 '
774 473 983 525 enarrarre.

283 635 512 720 repetitiones
536 631 577 695 cf.
601 631 646 711 Il,
663 633 683 695 9
690 680 699 713 ,
718 632 771 716 19)
794 631 847 694 uel
868 631 1163 717 interpretationis,
1187 651 1250 716 quo
1272 628 1307 693 in
1328 649 1446 715 genere

270 789 272 794 -
300 741 336 805 id
358 745 532 829 praecipue
561 751 745 826 grassatum
773 750 838 823 est,
870 740 957 826 quod
983 740 1188 821 notionibus,
1219 762 1301 826 quae
1330 741 1445 804 ceteris

303 852 472 917 codicibus
495 851 633 915 testibus
656 850 757 914 uerbo
780 850 1003 937 praedicatiuo
1032 859 1159 932 carent,
1188 851 1295 935 ipsum
1317 849 1353 911 id
1376 872 1445 914 uer·

301 963 396 1044 bum,
422 961 474 1024 uel
490 962 599 1048 potius
615 962 714 1024 tertia
736 959 911 1044 singularis
935 960 1061 1024 numeri
1082 957 1187 1023 forma
1195 1007 1203 1040 ,
1226 981 1302 1022 nam
1317 981 1363 1039 ea
1378 958 1447 1023 sola

304 1071 482 1156 agebatur,
505 1071 619 1134 addita
642 1080 700 1134 est.
1429 1046 1442 1068 l

389 1179 662 1266 Interpolatorum
679 1180 827 1244 codicum
842 1181 966 1266 primus
990 1188 1039 1242 est
1062 1179 1189 1244 codex
1211 1177 1446 1243 ARGENTORA·

303 1305 422 1353 TENSIS
447 1289 517 1375 (B),
541 1312 636 1376 quem
660 1290 815 1354 Heinsius
838 1288 967 1353 saeculo
990 1289 1042 1353 XI
1063 1289 1256 1375 adscripsit,
1286 1289 1447 1373 egoduo-

305 1400 423 1463 decimi
446 1402 556 1486 potius
577 1399 631 1462 uel
653 1401 742 1463 tertii
765 1399 883 1463 decimi
906 1397 1027 1464 saeculi
1050 1421 1121 1462 esse
1143 1398 1348 1463 crediderim.
1386 1397 1447 1462 Co-

304 1510 386 1593 dex,
411 1532 506 1596 quem
530 1509 569 1572 F.
592 1507 633 1573 G.
655 1510 901 1593 Bergmanni
923 1507 1039 1572 decani
1061 1508 1218 1573 beneficio
1240 1511 1275 1572 in
1296 1507 1447 1573 manibus

305 1619 417 1702 habui,
435 1619 627 1684 adseruatur
642 1619 676 1681 in
691 1618 890 1683 bibliotheca
911 1620 1079 1685 seminarii
1095 1618 1275 1704 euangelici
1285 1619 1447 1702 Argento-

306 1731 444 1792 ratensis
467 1732 548 1812 (not.
573 1729 610 1792 Ο.
634 1728 675 1791 V.
698 1729 765 1815 27).
809 1728 843 1792 ls
866 1728 949 1792 liber
977 1729 1090 1792 decem
1117 1729 1185 1793 fere
1208 1727 1330 1813 digitos
1352 1727 1449 1810 altus,

305 1848 456 1924 quattuor
479 1839 599 1922 digitos
623 1836 706 1902 latus
729 1839 848 1922 uiginti
870 1839 974 1902 tribus
990 1840 1103 1925 primis
1126 1838 1231 1922 foliis,
1256 1861 1390 1924 quorum
1415 1839 1451 1901 in

308 1948 445 2032 singulis
469 1949 598 2034 paginis
628 1949 828 2034 quadrageni
856 1951 1006 2035 quaterni
1033 1959 1109 2013 sunt
1136 1971 1266 2032 uersus,
1299 1947 1450 2035 epistula-

308 2081 379 2120 rum
402 2060 606 2144 ponticarum
629 2060 772 2123 continet
794 2070 919 2145 partem
942 2061 1083 2147 priorem
1105 2059 1147 2123 ab
1169 2059 1197 2142 I,
1222 2060 1255 2141 1,
1277 2061 1297 2130 1
1320 2097 1362 2106 -
1385 2057 1449 2140 ΙΙΙ,

306 2167 350 2248 5„
365 2167 424 2251 34,
454 2190 527 2230 cum
554 2166 642 2232 foliis
670 2147 747 2232 inde
774 2167 817 2232 ab
848 2171 1005 2233 uicesimo
1038 2179 1152 2255 quarto
1181 2169 1224 2231 ad
1250 2169 1449 2231 tricesimum

306 2278 720 2362 tertium,·quinquagenis
742 2279 968 2363 persingulas
991 2280 1128 2365 paginas
1151 2277 1318 2358 uersibus,
1346 2275 1465 2352 heroi<

309 2385 368 2450 des
392 2409 470 2472 quas
493 2394 612 2450 uocant
639 2385 804 2470 legantur,
832 2409 873 2450 ne
896 2409 953 2451 eae
981 2388 1113 2474 quidem
1140 2388 1302 2470 integrae,
1331 2387 1451 2474 quippe

307 2517 390 2582 quae
405 2518 503 2560 uersu
517 2495 620 2579 XIX,
636 2497 697 2561 231
720 2496 885 2560 finiantur.
929 2498 1080 2561 Diuersis
1102 2496 1303 2583 temporibus
1325 2506 1450 2561 utrum-

307 2627 370 2691 que
392 2626 472 2692 opus
496 2605 654 2692 scriptum
677 2627 748 2670 esse
769 2605 866 2670 facile
881 2605 1096 2692 intellegitur,
1120 2609 1190 2671 siue
1212 2607 1356 2670 chartam
1379 2628 1449 2694 spe-

307 2725 374 2779 ctas
407 2714 475 2778 illic
504 2737 647 2780 crassam
674 2715 727 2779 hic
754 2717 979 2780 tenuissimam
986 2718 1094 2801 ,siue
1122 2716 1303 2781 litterarum
1331 2718 1450 2782 ductus

306 2827 341 2888 in
363 2825 550 2890 lreroidibus
573 2825 783 2890 uixsaeculo
805 2826 895 2890 XIII
922 2837 1032 2914 apt0S,
1061 2849 1119 2891 seu
1146 2828 1286 2914 denique
1313 2827 1450 2892 formam

308 2935 432 2998 codicis
455 2937 561 3021 ipsam
582 2936 671 2999 haud
693 2935 792 3000 dubie
814 2959 857 2999 ex
878 2936 1005 3002 duobus
1028 2938 1268 3024 exemplaribus
1290 2959 1310 3000 a
1332 2935 1449 3001 biblio-

307 3067 391 3131 pego
421 3045 593 3130 conpositi.
637 3045 736 3110 Addo
769 3045 920 3110 heroidas
954 3047 995 3110 ab
1027 3047 1163 3112 Loersio
1194 3046 1339 3111 conlatas
1366 3067 1450 3128 esse,

309 3153 383 3236 sed,
417 3155 609 3240 praesertim
638 3154 696 3217 ubi
726 3155 891 3220 oculoruin
919 3158 989 3220 acie
1017 3177 1097 3244 opus
1134 3167 1218 3240 erat,
1255 3179 1370 3244 parum
1397 3177 1449 3219 ac-

309 3273 429 3328 curate.

394 3373 618 3461 Epistularum
641 3375 844 3460 ponticamm
866 3375 971 3441 codex
992 3377 1090 3441 trium
1114 3387 1163 3442 est
1185 3379 1343 3465 partium,
1366 3378 1451 3441 inter

309 3507 344 3548 se
359 3484 427 3547 fere
442 3483 642 3571 aequalium,
665 3507 685 3548 a
700 3485 840 3550 diuersis
862 3487 1047 3552 hominibus
1071 3497 1292 3570 exaratarum,
1316 3507 1451 3573 quarum

310 3596 416 3680 prima
436 3595 478 3660 ab
501 3597 529 3678 1,
554 3595 583 3677 1,
609 3596 625 3658 1
649 3595 691 3658 ad
713 3595 741 3679 I,
765 3597 795 3678 9,
811 3597 852 3660 28
875 3599 1031 3684 pertinet,
1054 3598 1157 3662 altera
1177 3599 1219 3663 ab
1242 3598 1270 3682 I,
1293 3598 1323 3680 9,
1346 3597 1388 3660 29
1409 3595 1451 3659 ad

310 3704 356 3785 11,
380 3705 410 3785 9,
432 3705 485 3788 21,
507 3706 605 3768 terrra
620 3705 667 3769 ss
690 3705 737 3787 Η,
760 3707 791 3788 9,
807 3707 849 3770 22
870 3706 912 3770 ad
935 3707 1000 3790 111,
1022 3708 1053 3792 5,
1069 3710 1122 3774 33.
1166 3708 1366 3772 Pentameui
1386 3691 1451 3770 non

310 3815 451 3896 reducti,
475 3813 631 3880 librorum
646 3838 751 3901 neque
766 3816 861 3881 initia
875 3828 988 3883 notata
1009 3839 1113 3905 neque
1136 3821 1260 3902 exitus,
1284 3819 1349 3883 nisi
1365 3816 1451 3904 quod

310 3925 344 3989 in
366 3945 491 3987 summa
516 3926 635 4011 pagina
662 3928 769 4012 prima
798 3927 903 3992 colore
930 3928 1007 3993 olim
1039 3929 1155 4011 rubro,
1190 3951 1277 3993 nunc
1313 3927 1450 3994 euanido

310 4035 390 4100 haec
413 4035 534 4122 scripta
556 4043 646 4099 sunt:
670 4041 781 4116 Incr'pet
800 4041 891 4102 ourdr'
914 4045 1060 4120 deporto
1081 4045 1161 4103 adh
1177 4089 1288 4106 .....
1318 4037 1450 4124 Epistu—

310 4143 413 4210 larum
441 4144 642 4231 singularum
675 4146 763 4211 tituli
790 4149 888 4213 rubro
917 4148 1022 4215 colore
1049 4153 1129 4237 picti
1156 4151 1311 4214 linearum
1340 4149 1450 4230 singu-

311 4254 413 4319 larum
440 4259 547 4342 spatia
574 4255 717 4344 explent.
768 4257 905 4324 Schedia
933 4260 1059 4326 duabus
1087 4262 1192 4326 codici
1221 4257 1381 4344 adpositis
1409 4256 1451 4318 de

312 4366 437 4450 origine
467 4368 544 4431 ,eius
580 4367 744 4432 docemur.
802 4369 948 4449 Quarum
978 4373 1013 4435 in
1047 4371 1148 4436 altera
1184 4371 1264 4433 haec
1300 4367 1451 4453 leguntur

313 4479 449 4564 scripta:
