3326 5182
647 1534 991 1616 PRAEFATIO

404 1701 667 1786 nn'oonromvs
687 1703 878 1754 nrsssoavu
897 1704 1016 1754 ovmn
1035 1703 1084 1754 nx
1103 1706 1233 1758 rouro,

334 2022 573 2108 Epistularum,
604 2044 683 2108 quas
707 2021 845 2086 Ouidius
868 2021 945 2084 inde
967 2023 1009 2086 ab
1031 2047 1115 2087 anno
1137 2025 1227 2088 urbis
1252 2026 1313 2090 765
1336 2049 1391 2089 ex·

251 2135 375 2216 eunte¹)
399 2133 545 2218 scripsit,
569 2153 727 2217 quaenam
749 2131 848 2196 fuerit
870 2132 1015 2224 fortuna,
1040 2155 1081 2196 ex
1096 2135 1209 2219 paucis
1230 2133 1295 2198 illis
1312 2135 1391 2199 locis
1482 2114 1489 2124 κ

250 2243 396 2306 conicere
411 2240 487 2304 licet
503 2242 621 2328 quibus
637 2251 732 2328 poeta
747 2243 817 2328 ipse
832 2241 933 2306 lectos
950 2264 1021 2306 esse
1044 2246 1141 2306 etiam
1158 2244 1263 2307 exulis
1279 2243 1390 2328 libros,

249 2353 307 2415 sed
338 2353 444 2415 minus
478 2351 655 2436 placuisse,
693 2351 932 2438 multorumque
963 2352 1140 2435 inuidiam,
1175 2364 1306 2418 auctore
1335 2355 1390 2418 ab·

191 2549 194 2554 ¹
249 2473 339 2526 sente
361 2463 425 2524 iam
447 2463 681 2548 procaciorem‚
706 2471 858 2548 expertos
882 2485 953 2526 esse
983 2463 1064 2526 dicit
1076 2457 1113 2548 ²).
1164 2463 1226 2527 Cui
1248 2465 1391 2527 inuidiae

249 2573 309 2635 etsi
342 2571 396 2634 ille
428 2570 609 2635 rectissime
642 2573 808 2657 opposuit,
842 2571 889 2634 nil
916 2573 980 2636 nisi
1008 2595 1090 2658 quae
1117 2574 1219 2658 ipsius
1247 2577 1391 2637 animum

247 2682 391 2745 afficiant
398 2731 407 2763 ,
431 2704 611 2767 conponere
641 2691 769 2768 poetam
799 2704 908 2768 posse,
937 2690 1045 2745 tamon
1075 2705 1111 2746 co
1142 2693 1267 2748 mortuo
1274 2733 1283 2766 ‚
1318 2707 1391 2747 curn

249 2793 311 2854 iam
334 2793 412 2877 quid
439 2791 535 2856 homo
562 2791 640 2854 dum
667 2792 790 2854 Rornae
816 2791 879 2854 fuit
908 2781 1181 2856 celebratissimus
1208 2793 1296 2878 apud
1326 2793 1390 2857 Ge·

248 2912 297 2965 tas
319 2911 431 2986 ageret
452 2903 558 2964 minus
582 2923 677 2965 curae
700 2910 802 2982 esset,
830 2922 936 2986 neque
958 2902 1131 2964 interesset
1159 2924 1240 2986 quae
1268 2901 1389 2988 qualia-

205 3040 210 3046 ·
249 3034 309 3097 que
331 3034 428 3075 ausus
452 3021 537 3074 esset
558 3021 594 3074 ut
616 3012 650 3073 in
671 3011 809 3097 patriam
825 3011 947 3074 rediret
961 3021 1124 3098 repetere,
1149 3014 1291 3074 carmina
1306 3013 1389 3076 Pon-

174 3127 185 3134 '
249 3122 312 3184 tica
333 3123 366 3183 in
387 3143 505 3204 magna
526 3121 665 3184 iacuisse
686 3120 842 3184 uidentur
864 3120 1038 3185 obliuione.
1083 3122 1181 3186 Certe
1202 3122 1290 3206 apud
1312 3124 1390 3185 scri-

248 3240 357 3316 ptores
380 3252 490 3294 eorum
513 3253 595 3315 quae
617 3232 763 3294 insecuta
786 3241 861 3295 sunt
884 3231 1086 3296 sacculorum
1107 3230 1196 3295 nulla
1212 3242 1261 3295 est
1276 3232 1390 3295 horum

248 3341 425 3403 carminum
447 3342 613 3405 memoria.
645 3339 794 3419 Quorum
817 3323 909 3406 sexto
932 3342 1062 3404 demum
1084 3341 1137 3404 uel
1160 3343 1298 3426 septimo
1321 3363 1388 3404 sae·
1421 3397 1424 3404 r

248 3449 318 3514 culo
334 3451 475 3535 primurn
492 3459 583 3512 extat
598 3452 775 3534 uestigium
791 3459 1031 3514 ruseumrrvn
1048 3456 1388 3533 ovnnr'nanrrsuvn,

248 3560 334 3646 quod
356 3560 393 3623 O.
416 3558 482 3622 Ph.
506 3559 593 3623 Chr.
619 3560 936 3624 schoenemanni
964 3560 1115 3623 felicitati
1143 3560 1309 3624 debemus.
1355 3561 1388 3624 ls

248 3669 364 3754 enin1³)
395 3668 475 3732 ‘hoc
497 3669 714 3752 fragmentum
737 3670 874 3752 codicis,
904 3671 1046 3735 omnium
1075 3672 1130 3756 qui
1154 3670 1389 3735 Ouidianorum

248 3781 425 3842 carminum
448 3789 622 3865 supersunt
650 3781 872 3865 antiquissimi
893 3782 927 3843 in
948 3790 1136 3864 tegumento
1159 3781 1312 3845 interiore
1333 3803 1388 3842 uc-
1482 3791 1487 3800 “

250 3890 329 3951 teris
352 3887 521 3952 moralium
543 3889 616 3952 Nic.
635 3889 676 3952 dc
690 3889 780 3976 Lyra
796 3889 947 3954 editionis
964 3891 998 3952 in
1013 3890 1212 3954 bibliotheca
1226 3892 1388 3974 Augusta'

315 4111 340 4175 1)
360 4113 395 4161 cf.
415 4113 536 4164 Messon.
555 4130 598 4177 ap.
617 4115 708 4163 Burm.
727 4113 777 4176 IV,
797 4115 853 4162 102.

314 4198 341 4258 2)
360 4197 397 4264 cf.
416 4213 440 4246 e.
460 4214 499 4262 gr.
521 4214 555 4246 cx
573 4199 605 4249 P.
625 4199 676 4260 ΙΙΙ,
696 4201 720 4258 9,
742 4200 755 4246 1
775 4213 813 4260 sq.

314 4285 341 4340 3)
361 4282 397 4332 cf.
415 4281 488 4334 Bibl.
502 4283 645 4346 Augustae
664 4283 722 4332 sive
742 4283 866 4334 notitiar.
881 4287 909 4330 et
923 4287 1112 4346 excerptorum
1127 4282 1250 4330 codicum
1264 4283 1389 4332 Wolfen-

245 4365 344 4416 bustel,
364 4367 503 4430 specimen
515 4367 627 4416 exhibet
638 4366 669 4416 C.
679 4365 798 4416 Pnchr.
808 4366 1026 4417 Schoenemann.
1041 4365 1207 4416 Helmstadii
1219 4369 1283 4416 1829
1293 4369 1387 4431 Progr.

247 4468 273 4515 p.
292 4453 324 4500 20
342 4466 382 4514 sq.
816 4447 821 4460 ‘
