3326 5182
773 469 980 519 PRAEFATIO.

574 690 676 755 multa
697 626 997 778 metulpbddtpena
1018 693 1075 778 qui
1096 715 1128 778 p.
1153 715 1180 756 c.
1204 691 1232 756 B

573 799 676 863 multa
697 810 787 864 metu
808 799 939 865 cohibet
961 809 993 864 et
1015 823 1099 887 pena
1120 825 1151 888 p.
1175 824 1202 866 o.
1227 802 1259 864 D

574 909 675 974 multa
696 919 785 974 metu
806 910 936 974 cohibet
958 931 1062 997 poena
1084 912 1141 996 qui
1162 934 1195 997 p.
1217 933 1245 974 c.
1269 912 1326 976 ΟΡ

572 1018 674 1084 multa
695 1029 783 1083 metu
805 1041 928 1105 poenae
950 1021 1005 1106 qui
1027 1041 1132 1107 poena
1153 1044 1185 1107 p.
1208 1042 1236 1085 c.
1260 1021 1323 1086 EG

439 1140 470 1194 et
491 1130 547 1215 qui
568 1129 671 1194 multa
694 1140 782 1194 metu
804 1130 861 1193 sed
883 1151 988 1216 poena
1009 1153 1042 1216 p.
1066 1152 1093 1193 0.
1117 1131 1167 1212 βΟ

572 1239 674 1304 multa
694 1249 784 1304 metu
810 1261 893 1326 pene
915 1241 972 1325 qui
993 1239 1095 1304 multa
1116 1239 1266 1305 cohercet
1287 1263 1397 1306 amore
1419 1243 1447 1306 L

393 1349 425 1432 I,
448 1350 483 1432 4,
507 1351 548 1415 36
571 1371 653 1435 quae
676 1349 757 1415 solet
779 1349 936 1414 esoniden
959 1372 995 1414 sa
1016 1349 1127 1412 carina
1148 1349 1211 1414 fuit
1233 1352 1264 1414 A

573 1482 655 1546 quae
676 1459 752 1524 tulit
774 1459 929 1524 esoniden
952 1459 1052 1523 densa
1074 1461 1184 1523 carina
1206 1460 1269 1524 fuit
1292 1461 1320 1524 Ο

572 1614 930 1638 ............
955 1590 1047 1646 sacra
1068 1571 1179 1632 carina
1200 1569 1263 1634 fuit
1286 1570 1344 1634 CN
1416 1555 1419 1560 ¹

606 1717 739 1742 ....
762 1728 796 1742 ..
822 1727 829 1742 .
855 1730 861 1742 .
887 1727 894 1742 .
920 1728 927 1742 .
950 1678 1448 1762 firma....DEFGLPsscorr.

573 1870 637 1936 000
658 1848 747 1913 subit
770 1849 920 1912 esonides
942 1783 1023 1932 dir-{d
1044 1849 1155 1911 carina
1176 1848 1240 1912 fuit
1261 1849 1289 1913 B

393 1959 446 2042 II,
463 1962 493 2042 9,
510 1960 550 2024 37
574 1957 628 2021 fac
648 1958 807 2044 profugus
830 1959 916 2022 intre
937 1968 994 2023 tua
1015 1959 1047 2022 A

575 2067 628 2131 fae
650 2070 755 2156 prosis
778 2069 863 2132 intra
885 2078 941 2132 tua
963 2067 1163 2150 BCFLNPs

574 2178 627 2241 fac
648 2159 862 2266 prosis'inter
883 2187 940 2242 tua
961 2175 1060 2242 ΒΕΘ(

571 2288 623 2350 fac
645 2288 784 2374 profugo
805 2289 933 2373 prosint
953 2298 1010 2352 tua
1032 2309 1092 2351 em.
1115 2289 1155 2351 R.
1179 2286 1317 2352 Merkel.

392 2421 486 2504 Quae
505 2445 579 2486 cum
594 2424 640 2487 ita
656 2423 789 2505 0101Αβ
805 2423 890 2488 00100
907 2422 1086 2509 sequendos
1103 2445 1173 2487 esse
1188 2422 1285 2487 facile
1299 2423 1446 2510 adparet.

309 2532 407 2612 Quod
430 2543 462 2597 et
476 2533 656 2598 Merkelius
680 2533 758 2598 fecit
781 2543 812 2597 et
834 2555 892 2597 nos
909 2531 965 2597 illo
981 2534 1078 2596 etiam
1094 2531 1285 2618 diligentius
1301 2532 1447 2614 fecimus,

307 2644 515 2730 praecipuam
542 2666 673 2731 operam
701 2644 731 2706 ei
759 2642 916 2708 librorum
938 2643 1147 2708 Ponticorum
1172 2644 1257 2731 parti
1279 2653 1447 2726 nauantes,

307 2777 403 2840 quam
425 2755 477 2818 uir
498 2754 553 2818 ille
580 2754 693 2819 doctus
722 2753 906 2835 codicibus,
935 2775 1015 2840 quos
1043 2755 1138 2817 unice
1167 2754 1347 2839 sequendos
1377 2775 1448 2817 esse

307 2864 485 2947 intellexit,
508 2866 615 2929 minus
637 2863 811 2947 adhibitis,
833 2863 876 2926 ad
898 2863 1028 2927 Heinsii
1049 2884 1177 2926 normas
1201 2863 1320 2927 excudi
1341 2865 1447 2928 iussit.

391 2974 549 3039 Codicum
571 2997 650 3061 quos
665 2975 813 3038 recensui
827 2973 981 3038 lectiones
998 2973 1220 3060 discrepantes
1241 2995 1352 3037 omnes
1374 2995 1448 3038 con*

306 3085 416 3170 posui,
445 3106 509 3148 non
535 3108 597 3171 quo
619 3107 753 3169 magnos
776 3084 853 3148 inde
875 3083 1000 3148 fructus
1023 3083 1262 3147 redundaturos
1286 3105 1358 3147 esse
1380 3105 1447 3147 cre-

308 3193 419 3256 derem
440 3232 483 3242 —
504 3216 579 3256 nam
606 3196 713 3258 textui
740 3193 941 3258 restituendo
969 3194 1097 3258 codices
1119 3191 1280 3275 ΑἈβΟΒ
1308 3193 1447 3258 sufficie-

307 3302 387 3367 bant
413 3341 471 3387 -,
506 3303 563 3368 sed
589 3313 626 3368 ut
654 3313 866 3391 quantopere,
901 3304 1038 3368 saeculis
1070 3303 1374 3390 progredientibus,
1410 3325 1448 3366 ea

307 3435 390 3500 quae
413 3414 552 3479 Ouidius
582 3415 730 3502 scripsit,
759 3436 779 3476 0
800 3437 878 3478 uere
899 3415 1105 3500 genuinoque
1127 3413 1231 3477 forma
1253 3412 1447 3476 declinauis-

308 3532 395 3606 sent,
423 3546 487 3589 uno
516 3525 608 3610 quasi
635 3533 815 3611 conspectu
841 3525 1050 3588 manifestum
1076 3523 1179 3587 fieret.
1223 3522 1332 3587 Aliam
1360 3524 1448 3586 uiam

307 3633 555 3717 ingrediendam
576 3635 688 3700 censui
710 3637 745 3699 in
768 3635 814 3698 eis
837 3634 1005 3699 codicibus
1027 3633 1244 3718 adiungendis
1267 3633 1448 3720 exquibus

307 3743 462 3806 Heinsius
498 3765 595 3806 unam
632 3754 664 3808 et
696 3743 831 3808 alteram
863 3743 926 3809 loci
961 3742 1134 3808 lectionem
1169 3745 1324 3808 enotauit.
1382 3741 1448 3821 Qui

307 3875 380 3916 eum
394 3851 471 3924 ‚fere
493 3875 603 3916 00000
626 3863 734 3918 essent
755 3855 987 3936 recentissimi,
1011 3854 1041 3916 ei
1063 3863 1172 3917 autem
1194 3876 1274 3941 quos
1290 3853 1447 3918 Heinsius

307 3961 435 4027 saeculo
450 3961 521 4026 XII
536 3963 728 4049 adscripsit,
752 3966 831 4030 satis
853 3974 976 4028 temere
997 3961 1222 4051 interpolati*)
1248 3961 1302 4050 [cf.
1318 3967 1448 4028 Bemer-

308 4085 509 4096 --—-A.-—--

375 4149 400 4218 *)
419 4153 498 4215 Quos
516 4153 568 4206 l.1.
586 4153 620 4202 10
633 4153 840 4213 ’1010100000
858 4153 1029 4217 Feschiano,
1047 4155 1185 4205 Vaticano
1203 4154 1267 4205 01110
1284 4153 1363 4204 111010
1381 4153 1447 4216 dixi,

309 4221 405 4286 plenos
424 4237 471 4272 eos
490 4236 549 4273 esse
568 4221 811 4287 interpolationum
830 4237 881 4280 nec
900 4222 935 4272 01
953 4227 1057 4272 textum
1074 4222 1275 4272 restituendum
1295 4221 1379 4271 ullius
1398 4221 1448 4270 011-

308 4303 387 4352 quem
409 4289 542 4352 1000100,
566 4289 638 4339 idem
662 4289 729 4339 lieet
749 4289 783 4339 10
803 4291 843 4339 010
862 4289 1028 4341 lectionibus
1046 4290 1152 4352 dicere,
1177 4305 1246 4354 0000
1265 4305 1297 4338 ex
1315 4288 1448 4338 Politisni

308 4355 432 4418 schedis,
454 4355 614 4407 Florentiae
637 4358 665 4407 iu
687 4356 858 4407 bibliothece
881 4357 1114 4408 dominicanorum
1139 4359 1271 4418 seruatis,
1295 4356 1448 4420 descriptas

307 4423 439 4472 Heinsius
456 4423 538 4472 nimis
556 4440 640 4489 saepe
658 4428 686 4474 in
705 4430 808 4475 textum
827 4425 929 4476 intulit.
959 4426 1017 4476 Nec
1035 4441 1102 4491 opus
1121 4429 1163 4476 est
1173 4422 1280 4474 uerbis:
1300 4424 1447 4489 00001010

307 4490 439 4542 Heinsius
463 4489 498 4540 01
521 4492 601 4557 primi
623 4492 790 4559 ulteriusque
809 4493 875 4543 libri
893 4494 1016 4544 carmine
1033 4493 1131 4543 100101
1149 4493 1298 4560 adponam,
1322 4492 1447 4543 codicum
