3326 5182
565 463 570 474 ¹
678 427 886 507 rnuueurio.
1278 461 1355 507 xxv

210 635 315 692 qnuuo
337 611 585 692 l’oroiu'l'oroto
650 611 700 694 ΙΙ,
726 613 759 693 1,
785 613 824 677 13
847 621 933 677 iuuat
952 613 1056 692 t'riyot
1107 613 1149 677 62
1170 624 1240 677 noto
1261 614 1356 694 lberto

193 704 248 804 v2,
267 724 307 788 10
321 729 426 787 umbro
448 722 577 786 l'coussu
622 722 682 786 126
705 727 749 787 od
769 745 834 786 meu
849 724 908 788 t'iu
930 743 996 787 meo
1039 725 1068 804 3,
1096 723 1116 786 9
1141 731 1229 802 prius
1250 725 1356 804 l’prr'or

214 834 254 897 14
274 838 398 912 probum
425 833 528 912 l'pr'um
586 832 625 897 15
646 845 675 896 et
695 839 754 896 nisi
773 835 838 899 l'utl
865 839 940 906 nisi:
994 841 1038 902 nil
1063 839 1187 898 detrabe
1213 835 1271 898 l'eu
1299 840 1355 898 de-

213 949 300 1008 trote
342 943 561 1022 superruo
603 944 645 1008 55
667 945 871 1008 ducisducis
915 943 956 1008 95
974 951 1030 1020 siut
1050 945 1160 1008 l'detur
1203 943 1249 1032 II,
1268 945 1297 1024 5,
1313 945 1354 1009 58

214 1059 374 1118 indoluisse
395 1054 592 1132 l'iuuemuisse
657 1053 697 1118 72
724 1061 900 1118 committitis
929 1055 1017 1118 l'cum
1047 1061 1161 1118 militia.
1227 1053 1356 1133 Quibus

214 1173 252 1227 ut
279 1165 364 1228 iusto
391 1143 603 1226 fuddamento
624 1164 747 1226 nitatur
768 1163 927 1228 iudicium
948 1163 1091 1248 adiunge
1112 1163 1267 1228 lectiones
1290 1165 1355 1228 dis-

214 1284 382 1360 crepantes
404 1273 447 1336 ad
469 1272 496 1354 I,
516 1275 545 1354 6,
569 1275 585 1336 1
608 1277 659 1336 ubi
700 1273 742 1337 20
763 1281 831 1338 licet
873 1275 915 1339 43
937 1280 1011 1353 queo
1024 1257 1111 1352 'sucis
1132 1279 1181 1337 hio
1223 1275 1356 1338 41111

213 1405 307 1446 mcum
364 1384 396 1464 I,
420 1385 453 1464 7,
477 1384 495 1447 Ι
520 1388 680 1463 deprecor
741 1383 913 1448 41111111
968 1385 999 1464 I,
1026 1385 1078 1465 10,
1102 1384 1143 1448 25
1170 1363 1378 1462 1111111111.Ι

120 1545 133 1566 ,
213 1493 339 1557 Horum
368 1515 448 1579 quae
475 1503 636 1579 postrema
663 1502 754 1574 sunt,
783 1493 870 1580 quod
898 1495 1044 1558 codicem
1071 1494 1158 1558 unde
1181 1494 1210 1557 Ε
1233 1494 1354 1558 descri-

137 1647 142 1652 -
214 1612 289 1690 ptus
313 1613 361 1667 est
383 1626 448 1666 non
469 1605 631 1688 integrum
651 1602 753 1666 fuisse
768 1601 853 1684 dixi,
877 1603 1102 1668 illustrabunt:
1126 1605 1269 1690 priorum
1284 1603 1354 1692 plu-

213 1713 296 1776 rima
324 1735 397 1776 cum
426 1715 492 1778 sint
520 1713 657 1799 quadam
687 1713 836 1777 mutandi
858 1713 996 1778 libidine
1018 1693 1175 1800 insignita
1198 1702 1366 1777 exercita-¹

213 1822 356 1887 tionibus
391 1822 593 1887 scholasticis
627 1823 802 1888 tribuenda
830 1845 901 1888 esse
929 1825 1033 1910 primo
1062 1826 1173 1889 statim
1199 1824 1356 1910 adspectu

215 1934 366 1996 cernitur.
418 1933 511 2012 Quae
539 1942 665 1998 restant
691 1955 750 2020 per
777 1955 812 1997 se
840 1942 1039 2020 spectantem
1065 1935 1203 2000 fortasse
1231 1955 1268 1997 eo
1297 1934 1355 1996 du-

215 2051 304 2123 cent,
334 2053 370 2106 ut
399 2065 440 2106 ex
468 2043 580 2108 codice
605 2043 748 2108 melioris
771 2053 867 2108 notae
890 2052 995 2107 sumta
1018 2065 1087 2108 esse
1106 2044 1251 2126 iudices,
1281 2052 1356 2108 sunt

214 2153 300 2215 enim
329 2154 364 2216 in
394 2175 505 2218 eorum
532 2175 665 2218 numero
696 2164 746 2218 sat
772 2152 874 2218 multa
896 2175 979 2240 quae
1000 2155 1054 2236 Αβ
1077 2153 1226 2218 codicum
1246 2162 1356 2217 aucto-

214 2264 310 2326 ritate
332 2242 510 2327 firmentur.
555 2264 614 2330 Sin
642 2263 900 2329 consideraueris
924 2285 1006 2350 quae
1028 2263 1069 2327 de
1090 2263 1222 2328 alterius
1244 2262 1355 2326 lectio-

214 2397 292 2437 num
325 2373 565 2459 adscripturum
602 2376 704 2461 partis
737 2375 863 2458 origine
894 2375 1078 2438 monuimus
1112 2375 1265 2460 ipsasque
1297 2373 1355 2436 has

215 2461 371 2548 lectiones
391 2483 434 2546 ad
459 2496 559 2547 unum·
579 2487 673 2570 quasi
694 2484 827 2549 modum
848 2485 891 2548 ad
914 2504 1010 2570 quem
1031 2485 1244 2548 aestimentur
1264 2484 1355 2548 rede-

214 2594 313 2677 geris,
336 2615 399 2657 non
423 2603 489 2658 tam
512 2595 635 2659 codicis
658 2595 846 2659 uetustioris
869 2593 967 2657 fidem
983 2615 1035 2658 eas
1051 2593 1172 2658 habere
1187 2588 1356 2675 concedes,
1470 2672 1472 2676 .

215 2726 309 2789 quam
344 2705 469 2788 ingenii
503 2726 575 2769 esse
608 2727 705 2791 saepe
739 2705 950 2769 exuberantis
984 2727 1080 2791 saepe
1107 2725 1185 2768 uera
1213 2705 1356 2768 uidentis

213 2813 299 2878 fetus
333 2813 531 2878 iudicabis¹
569 2815 665 2878 Vnde
698 2816 860 2900 sequitur,
903 2835 945 2876 ne
977 2814 1054 2878 huic
1088 2813 1220 2900 quidem
1252 2813 1357 2878 codici

214 2925 279 2986 nisi
307 2925 342 2986 in
371 2925 417 2988 eis
446 2947 528 3010 quae
555 2948 628 2990 cum
650 2927 672 3008 β
694 2923 747 2992 uel
773 2925 895 2988 maiore
918 2933 1098 2988 ceterorum
1119 2921 1276 3006 librorum
1298 2945 1356 2986 111-

214 3055 301 3097 mero
325 3037 507 3098 communia
529 3035 656 3118 habet,
675 3033 872 3098 credendum
896 3056 976 3098 esse.
1027 3034 1167 3098 Accedit
1189 3033 1356 3098 codicibus

214 3143 256 3206 ab
279 3143 417 3208 Heinsio
445 3147 629 3210 accuratius
653 3144 789 3208 conlatis
812 3144 895 3209 liber
917 3145 954 3208 P.
978 3144 1099 3210 Seruii:
1129 3167 1225 3231 quem
1246 3165 1356 3208 recen·
1441 3196 1443 3204 .

213 3253 376 3317 tissimum
403 3277 509 3340 neque
539 3257 712 3342 quicquam
739 3255 815 3320 boni
843 3256 1051 3343 praebentem
1072 3266 1109 3321 ut
1131 3255 1262 3319 chartae
1284 3277 1355 3341 par·

214 3373 355 3445 ceretur,
379 3366 528 3429 omittere
551 3367 653 3435 satius
675 3367 799 3453 putaui.

297 3475 350 3537 De
382 3476 524 3540 codice
551 3492 758 3540 BASILEENSI
787 3477 844 3563 (F)
874 3477 946 3540 dixi
977 3478 1012 3540 in
1040 3481 1269 3554 Bemerlcunoeu
1293 3467 1357 3540 sur
1399 3523 1403 3528 ,

214 3589 557 3662 Houdscbrrfteulcunde
579 3592 634 3650 der
658 3590 740 3651 Ouid.
765 3591 803 3650 B.
827 3609 866 3652 es
888 3592 983 3650 Ponto
999 3609 1041 3667 p„
1059 3597 1163 3650 9-11.

299 3696 464 3761 Codicis
495 3713 631 3760 1111111111
669 3696 729 3782 (G)
767 3696 983 3761 conlationem
1026 3696 1180 3761 debemus
1219 3696 1356 3762 Heinsio

216 3804 300 3888 (cod.
330 3805 509 3891 bibbueg.
537 3806 645 3871 Berol.
671 3807 777 3891 1076).
821 3807 856 3871 Is
884 3805 970 3872 liber
995 3813 1077 3872 ‘non
1106 3806 1237 3894 quidem
1266 3816 1357 3870 uetu-
1409 3829 1411 3836 ¹

216 3924 301 3996 etue,
325 3916 495 3980 emendate
516 3927 625 3981 tamen
647 3938 685 3979 ac
706 3915 847 3981 fideliter
870 3917 1069 4004 descriptus'
1094 3917 1184 4006 (syll.
1207 3940 1279 4004 epp.
1303 3915 1357 3979 ΠΙ

215 4049 247 4112 p.
276 4026 326 4090 80.
360 4027 411 4090 82.
444 4029 517 4113 131)
550 4028 658 4091 omnia
688 4026 801 4091 Ouidii
834 4050 932 4113 opera
965 4029 1124 4093 continuit
1157 4026 1269 4112 (Ouid.
1305 4023 1355 4088 ed.

215 4137 393 4200 Burmann.
423 4135 440 4199 I
469 4161 501 4223 p.
530 4137 592 4201 323
610 4137 657 4220 b).
714 4138 868 4201 Recentis
904 4139 1021 4202 aetatis
1058 4148 1108 4202 sat
1135 4137 1245 4200 multa
1282 4145 1357 4200 sunt

216 4227 312 4330 signa
341 4268 401 4309 nec
429 4247 546 4310 desunt
573 4269 656 4334 quae
685 4245 806 4351 librum
828 4248 869 4311 ex
892 4269 954 4333 quo
977 4248 1159 4333 descriptus
1182 4255 1230 4310 est
1252 4245 1357 4311 literis

171 4409 177 4417 .
215 4357 352 4420 cursiuis
382 4366 551 4420 exaratum
579 4356 636 4443 (cf.
667 4379 752 4420 uarr.
782 4355 871 4420 lectt.
899 4357 941 4420 ad
967 4356 1001 4437 Ι,
1023 4357 1058 4436 5,
1081 4356 1138 4440 513
1166 4357 1217 4438 ΙΙ,
1241 4359 1277 4442 3,
1299 4358 1355 4440 873

215 4465 248 4551 Ι,
277 4466 312 4546 5,
342 4467 396 4550 to)
429 4476 461 4534 et
489 4467 659 4535 deterioris
682 4476 781 4532 notae
808 4467 910 4532 fuisse
937 4465 1085 4531 doceant.
1137 4465 1355 4547 Quantumuis
