3326 5182
294 433 317 478 x
766 433 975 482 ralnsnrro.
1034 421 1042 441 ⁰

293 585 381 668 huit,
406 585 643 671 diphthongum
666 585 752 648 haud
775 588 821 650 ita
843 610 915 651 raro
938 589 1088 674 pingeret
1104 587 1161 672 (cf.
1178 609 1205 650 e.
1221 610 1270 671 gr.
1288 587 1333 668 ΙΙ,
1350 588 1434 670 8,16

206 737 213 748 ·
290 717 417 775 praeces
444 695 495 778 II,
520 697 550 778 7,
573 695 615 759 45
647 703 743 760 seriae
772 686 907 782 cecata)3
951 697 1086 761 eandem
1119 699 1153 760 in
1182 697 1435 784 Guelferbytani

293 805 414 870 codicis
438 805 573 874 librario
589 805 862 892 deprehendimus
879 807 935 892 (ef.
952 805 1011 888 IV,
1028 807 1058 890 9,
1076 809 1162 892 130).
1192 807 1332 871 Accedit
1348 807 1435 894 quod

292 939 394 1002 aeque
422 926 458 980 ut
485 915 745 1001 Hamburgensis
780 915 864 982 liber
896 918 923 981 is
952 917 1057 982 codex
1090 919 1181 982 euius
1215 918 1434 1002 fragmentum

294 1013 463 1091 Guelferb.
497 1035 660 1112 superest,
700 1025 838 1112 singulis
876 1021 1072 1114 quibusdam
1108 1027 1257 1092 uersibus
1291 1029 1434 1092 caruisse

292 1136 435 1200 uidetur.
479 1135 565 1199 Nam
588 1158 660 1199 cum
682 1137 768 1201 inter
788 1159 919 1201 uersum
942 1137 1001 1220 IV,
1022 1139 1131 1219 9,108
1154 1161 1217 1224 quo
1240 1139 1327 1224 prior
1349 1139 1434 1223 prio-

292 1248 337 1310 ris
360 1246 432 1311 folii
454 1247 575 1332 pagina
596 1245 708 1310 finitur
729 1269 925 1334 versumque
947 1249 1007 1331 IV,
1033 1249 1088 1330 12,
1110 1249 1168 1330 44,
1197 1249 1232 1311 in
1260 1269 1355 1334 quem
1377 1270 1453 1340 Ρο-Χ

293 1358 410 1421 sterior
431 1355 565 1420 alterius
594 1355 666 1420 folii
688 1357 813 1444 'pagina
829 1359 924 1442 exit,
962 1380 1075 1422 uersus
1104 1362 1242 1428 (ἷῇςῑῇ
1268 1359 1433 1439 intersint,
1536 1405 1542 1414 ,

294 1490 374 1554 quos
399 1467 504 1552 spatio
528 1476 651 1553 septem
674 1470 867 1554 paginarum
890 1469 1028 1554 scriptos
1051 1468 1151 1532 fuisse
1172 1467 1351 1532 uerisimile
1374 1477 1433 1550 est,

294 1599 331 1641 eo
353 1578 436 1640 ratio
463 1576 549 1640 redit
578 1579 670 1640 utin
692 1577 831 1662 singulis
854 1579 982 1664 paginis
1003 1585 1081 1648 XTV
1102 1601 1217 1642 uersus
1246 1579 1362 1664 scripti
1384 1579 1433 1640 ui-

293 1687 447 1769 deantur,
471 1709 535 1750 uno
557 1709 657 1749 uersu
677 1686 762 1749 male
785 1689 916 1751 omisso.
955 1686 1030 1766 Qua
1051 1689 1085 1751 in
1106 1689 1355 1755 ratiocinatione
1378 1709 1435 1750 cur

293 1795 462 1861 titulorum
494 1819 559 1860 non
591 1796 799 1860 habuerimus
831 1799 990 1861 rationem
1023 1807 1054 1860 et
1087 1799 1159 1884 ipsa
1191 1820 1226 1861 re
1259 1797 1433 1878 indicatur,

267 1909 445 1993 ‚quoniam
467 1929 635 1969 numerum
658 1907 763 1970 tribus
786 1907 936 1972 uersibus
959 1909 1114 1972 maiorem
1136 1931 1209 1972 eum
1231 1917 1356 1994 septem
1378 1930 1433 1992 pa-

293 2020 443 2102 ginarum
464 2039 598 2082 numero
621 2039 801 2103 conponere
823 2040 889 2080 non
911 2016 1004 2098 licet,
1035 2029 1066 2082 et
1088 2019 1145 2083 ubi
1168 2019 1209 2082 de
1230 2018 1335 2083 titulis
1358 2040 1433 2103 age-

293 2151 364 2191 mus
387 2129 491 2212 magis
513 2127 696 2214 adparebit.

378 2238 448 2300 Iam
470 2237 512 2301 ad
534 2239 693 2301 rationem
716 2239 862 2300 criticam
885 2261 966 2323 quae
989 2241 1031 2302 sit
1046 2239 1221 2322 fragmenti
1237 2238 1433 2324 Guelferby-

293 2351 362 2413 tani
386 2350 435 2411 uis
460 2357 491 2411 et
513 2349 688 2412 auctoritas
716 2369 820 2434 pauca
848 2347 1050 2412 adnotemus
1096 2347 1203 2427 Quam
1227 2358 1359 2434 propter
1380 2340 1434 2410 an-

294 2461 479 2544 tiquitatem
502 2457 578 2521 libri
599 2459 810 2544 permagnam
833 2480 904 2521 esse
927 2459 1045 2522 dobere
1059 2458 1267 2521 manifestum
1290 2468 1355 2521 est:
1379 2481 1433 2520 an-

293 2570 440 2654 tiquitati
472 2578 627 2654 quantum
656 2577 767 2631 textus
796 2590 892 2654 quem
922 2567 1035 2631 dieunt
1064 2567 1212 2631 condicio
1239 2569 1435 2653 respondeat

293 2678 489 2742 uidebimus.
532 2679 705 2742 Lectiones
734 2687 843 2740 autem
871 2678 1052 2762 singulares
1080 2699 1141 2740 neo
1167 2677 1317 2740 alicunde
1339 2688 1435 2742 notae

293 2790 354 2852 hae
370 2798 460 2852 sunt:
499 2789 557 2871 IV,
575 2790 604 2870 9,
624 2789 757 2852 103111
779 2795 828 2851 sit
871 2797 902 2851 et
917 2788 976 2870 IV,
994 2789 1022 2869 9,
1042 2788 1101 2852 108
1120 2792 1223 2863 fata·
1245 2797 1341 2851 notae
1364 2791 1434 2874 qui-

294 2899 378 2980 dem,
401 2899 458 2962 sed
480 2909 556 2962 ante
575 2901 615 2963 11.
631 2898 829 2963 Merkelium
851 2922 916 2962 non
938 2901 1077 2962 insertae
1099 2899 1220 2963 textui:
1245 2898 1305 2980 IV,
1331 2899 1378 2978 12,
1397 2899 1435 2961 18

294 3031 379 3072 crater
422 3009 480 3088 IV,
506 3011 544 3071 12
552 3057 560 3089 ,
584 3011 625 3074 43
648 3017 778 3087 parueris.
838 3008 991 3088 Quarum
1018 3009 1192 3072 lectionum
1221 3030 1307 3089 eam,
1339 3030 1440 3094 quam

294 3122 432 3208 primam
454 3120 636 3205 posuimus,
660 3120 688 3180 si
711 3121 791 3182 artis
815 3119 946 3180 criticae
968 3117 1096 3202 regulas
1113 3118 1294 3204 sequimur,
1318 3119 1435 3204 quibus

232 3296 240 3304 ,
295 3229 482 3293 difficiliora
509 3249 656 3315 quaeque
683 3229 811 3292 ueriora
839 3228 957 3312 ducere
984 3221 1147 3309 iubemur,
1177 3230 1326 3292 ueritatis
1350 3251 1435 3292 sum·

294 3363 381 3404 mam
408 3341 547 3426 speciem
580 3338 735 3424 praebere
765 3362 829 3403 non
858 3348 907 3402 est
936 3337 1022 3425 quod
1050 3361 1220 3424 exponam.
1269 3338 1365 3402 Unde
1394 3338 1434 3400 R.

295 3445 475 3515 hlerhelius
504 3458 683 3526 ceterorum
712 3437 855 3512 omniurn
884 3450 940 3535 qui
961 3450 1169 3513 innotuerunt
1191 3448 1339 3512 codicum
1362 3470 1435 3510 con-

296 3584 393 3626 sensu
414 3559 561 3646 neglecto
585 3581 655 3623 eam
681 3559 841 3640 restituit,
871 3582 936 3622 non
963 3561 1070 3622 minus
1098 3561 1211 3646 opinor
1239 3556 1434 3642 Guelferby-

296 3673 365 3736 tani
393 3670 470 3734 libri
497 3680 660 3734 uetustate
688 3670 864 3752 adductus,
895 3671 991 3756 quam
1015 3669 1101 3755 quod
1125 3670 1326 3733 coniunctiui
1347 3667 1436 3730 modi

295 3782 415 3846 formas
439 3782 472 3843 in
491 3778 587 3844 libris
610 3780 844 3844 recentioribus
866 3779 1055 3843 indicatiuis
1083 3788 1222 3843 mutatas
1246 3779 1436 3864 saepissime

296 3890 581 3956 animaduerterat.
626 3889 740 3953 Altera
772 3889 868 3953 lectio
903 3912 985 3976 quae
1017 3888 1060 3952 ad
1086 3888 1146 3970 IV,
1170 3890 1199 3970 9,
1232 3889 1293 3952 108
1326 3896 1437 3952 notata

297 4013 346 4067 est
368 4024 465 4066 sensu
487 4021 598 4063 carens
622 4002 775 4064 uitiorum
807 3998 992 4084 uulgarium
1013 3999 1171 4083 farragini
1200 4009 1248 4062 est
1276 3998 1434 4061 addenda.

235 4101 239 4110 ’
297 4113 365 4175 Eae
387 4122 495 4176 autem
517 4132 600 4195 quae
621 4099 746 4174 restant
768 4119 800 4172 et
822 4109 980 4173 iudicium
1004 4109 1045 4172 de
1067 4108 1301 4173 recentioribus
1318 4106 1436 4171 codici-

296 4221 358 4285 bus
387 4214 577 4284 firmant'et
605 4243 701 4306 quam
728 4231 849 4283 temero
876 4220 949 4282 Nic.
973 4219 1130 4283 Heinsius
1158 4221 1193 4282 in
1220 4227 1313 4281 textu
1341 4218 1435 4297 resti·
1477 4201 1483 4208 ⁸

297 4329 419 4398 tuendo
448 4340 596 4394 uersatus
630 4332 672 4394 sit
700 4330 883 4394 ostendunt.
927 4329 961 4394 Is
991 4331 1076 4393 enim
1100 4329 1157 4407 lV,
1183 4328 1236 4406 12,
1259 4327 1316 4406 43,
1351 4325 1438 4412 quod

298 4442 487 4527 saepissime
510 4439 603 4522 feeit,
627 4463 685 4504 suo
709 4439 868 4504 arbitratu
891 4463 948 4526 pro
972 4463 1009 4503 eo
1032 4437 1159 4524 quoda
1182 4436 1350 4501 codicibus
1373 4447 1436 4499 tra-
