3322 5186
303 417 362 480 106
776 431 823 480 rx
845 431 960 482 rouro

384 587 505 671 uixque
528 584 608 649 mibi
629 584 761 668 uideor,
784 584 902 650 faciem
924 585 1011 673 quod
1034 587 1191 670 carmina,
1216 610 1330 670 senus,
1368 628 1369 636 κ

426 697 524 781 inque
546 694 624 758 feris
648 716 756 758 curem
778 697 940 780 corrigere
962 695 1019 760 ille
1042 695 1152 761 Getis!
1230 732 1234 740 ·

384 805 431 870 nil
453 815 561 871 tamen
583 793 753 893 e'scriptis
776 807 880 890 magis
903 805 1090 870 excusabile
1111 809 1247 889 nostris,

428 939 524 1004 quam
546 937 659 980 sensus
683 917 807 980 cunctis
830 938 932 1002 paene
954 915 1040 1002 quod
1062 940 1145 981 unus
1168 919 1263 981 inest.

323 1034 362 1093 35
385 1027 470 1092 laeta
490 1026 559 1090 fere
581 1025 683 1091 laetus
707 1027 826 1110 cecini,
850 1047 930 1090 cano
952 1027 1201 1091 trististristis:

427 1138 624 1202 conueniens
647 1137 740 1223 operi
758 1145 885 1223 tempus
907 1147 1080 1223 utrumque
1102 1159 1160 1201 suo
1183 1147 1240 1202 est.

386 1248 465 1334 quid
486 1247 550 1310 nisi
574 1246 615 1310 de
637 1247 718 1310 uitio
741 1245 881 1310 scribam
903 1247 1045 1331 regionis
1069 1269 1215 1329 amarae,

426 1366 525 1444 utque
546 1355 616 1421 loco
639 1357 758 1420 moriar
781 1358 997 1421 commodiore
1019 1356 1157 1444 precer?

385 1489 458 1530 curn
479 1468 599 1531 totiens
623 1466 736 1530 eadem
759 1466 883 1548 dicam,
905 1468 965 1531 uix
986 1466 1101 1532 audior
1123 1465 1197 1531 ulli:

321 1583 363 1642 40
426 1576 590 1663 uerbaque
612 1575 760 1663 profectu
782 1576 986 1642 dissimulata
1008 1586 1129 1642 carent.

386 1695 418 1751 et
439 1695 548 1750 tamen
569 1685 650 1750 haec
672 1687 784 1750 eadem
807 1708 880 1749 cum
903 1672 984 1770 sint,
1008 1710 1071 1752 non
1095 1687 1268 1752 scribimus
1290 1686 1394 1752 isdem

426 1819 555 1883 unaque
577 1819 634 1882 per
656 1795 764 1882 plures
787 1818 854 1860 uox
876 1819 948 1860 mee
970 1805 1106 1884 temptat
1128 1819 1232 1884 opem.

385 1929 442 1990 an,
466 1928 506 1970 ne
528 1907 580 1970 bis
603 1928 733 1971 sensum
755 1905 857 1972 lector
878 1909 1036 1993 reperiret
1058 1907 1212 1990 eundern,

426 2039 509 2081 unus
532 2018 724 2098 amicorum,
748 2017 866 2099 Brute,
890 2017 1054 2102 rogandus
1078 2018 1170 2082 erat?

322 2133 362 2191 45
385 2125 533 2192 nonfuit
555 2126 617 2191 hoc
638 2129 730 2190 tanti.
760 2126 907 2192 confesso
929 2128 1104 2212 ignoscite,
1128 2126 1232 2192 docti:

359 2286 363 2300 ,
426 2235 523 2301 uilior
545 2246 594 2301 est
616 2239 722 2323 operis
746 2237 832 2300 fama
854 2236 958 2301 salute
980 2259 1060 2300 mee.

385 2346 525 2432 denique
546 2347 713 2410 materiam
737 2368 833 2431 quam
855 2349 927 2432 quis
950 2348 1021 2411 sibi‘
1036 2347 1167 2412 finxerit
1189 2348 1275 2433 ipse,

426 2455 561 2520 arbitrio
584 2457 690 2520 uariat
711 2455 813 2520 multa
834 2466 930 2544 poeta
952 2480 1020 2522 suo.

385 2566 480 2630 Musa
501 2588 573 2629 mea
594 2557 643 2631 est
664 2567 765 2632 index
786 2568 921 2631 nimium
944 2589 1070 2654 quoque
1092 2589 1169 2632 uera
1191 2565 1364 2649 malorum,

323 2685 364 2741 50
427 2685 525 2762 atque
547 2678 725 2764 incorrupti
747 2677 892 2763 pondera
913 2679 1006 2742 testis
1029 2677 1137 2742 habet.

385 2809 445 2850 nec
466 2786 548 2850 liber
569 2787 733 2871 ut'fieret,
757 2787 885 2851 seduli
907 2810 966 2852 sua
988 2789 1105 2874 cuique
1127 2788 1259 2852 daretur

426 2897 551 2982 littera,
574 2899 775 2986 propositum
797 2920 939 2985 curaque
960 2906 1071 2962 nostre
1092 2897 1165 2962 fuit.

368 3133 399 3180 31
418 3131 521 3180 faciem
545 3145 605 3179 cum
623 3129 789 3194 nostrvm
813 3145 867 3194 qua
886 3131 908 3180 Ε
931 3129 1002 3194 quod
1021 3128 1038 3194 β
1056 3146 1123 3180 corr.
1144 3128 1263 3194 CDVpr.
1282 3147 1306 3178 u.
1327 3130 1371 3181 ΛΡ
1390 3127 1436 3192 qni
1472 3197 1479 3200 -

301 3265 416 3330 ψρνοῠ.
440 3265 548 3314 Bentlei.
572 3224 641 3328 qirbd
665 3281 678 3316 ε
746 3268 778 3315 32
801 3265 933 3331 colligere
951 3265 1012 3330 ipse
1032 3266 1055 3315 G
1079 3264 1211 3329 colligere
1230 3263 1339 3316 Bentlei.
1403 3265 1436 3312 33

302 3337 346 3382 est
358 3332 473 3397 'scriptis
491 3331 663 3382 CDEFGLN
682 3349 696 3381 e
714 3331 950 3400 scriptissltisffv
969 3335 998 3381 in
1016 3333 1127 3396 scriptis
1146 3349 1160 3382 τ
1178 3331 1216 3380 M.
1270 3333 1303 3380 34
1321 3331 1395 3384 inest
1413 3329 1435 3378 l'

302 3400 420 3450 obestF
478 3401 511 3450 35
529 3398 605 3449 laeta
624 3399 732 3464 quidem
755 3401 871 3454 Vincent.
889 3402 988 3451 Bellon.
1053 3402 1086 3450 36
1105 3403 1146 3449 est
1164 3415 1209 3450 om,
1228 3396 1275 3448 cd
1298 3395 1310 3462 ΙΙ
1332 3400 1436 3446 utrum-

302 3483 354 3532 que
373 3467 426 3517 fuit
443 3467 468 3516 N
519 3469 551 3517 37
570 3467 692 3531 regionis
710 3469 822 3532 iniquae
840 3487 856 3519 τ
907 3472 940 3520 38
958 3472 1042 3532 utque
1061 3467 1119 3518 solo
1137 3468 1187 3517 duo
1204 3465 1263 3515 libri
1279 3465 1317 3516 H.
1340 3461 1353 3528 ΙΙ
1375 3480 1435 3529 pre·

302 3537 387 3585 corP
410 3531 422 3600 ΙΙ
445 3537 478 3584 40
497 3551 544 3599 pro
563 3535 654 3584 fructu
677 3553 692 3586 τ
759 3537 791 3584 41
811 3536 905 3586 eadem
924 3551 977 3587 non
995 3536 1051 3585 sint
1074 3550 1134 3584 eum
1153 3529 1348 3599 scripsimusfi
1371 3532 1436 3582 seri-

301 3605 388 3665 bitur,
410 3618 503 3668 oraru:
527 3602 672 3654 scribimus
696 3618 709 3654 s
732 3602 860 3652 scribitur
883 3604 955 3668 cco
978 3600 990 3670 ΙΙ
1018 3603 1123 3653 hisdem
1145 3601 1193 3652 FL
1215 3593 1287 3650 idem
1310 3597 1338 3650 ε2
1402 3601 1436 3648 42

630 3688 755 3735 'rmusaque
813 3715 826 3725 .

301 3753 428 3802 uanaque
448 3736 623 3802 cosduno
641 3753 748 3801 unaque
767 3735 784 3802 β
802 3751 910 3802 unaque
929 3738 974 3786 FP
984 3739 1021 3788 H.
1039 3753 1122 3788 unam
1140 3754 1156 3788 τ
1173 3743 1199 3788 et
1216 3738 1281 3787 coni.
1302 3735 1337 3787 H.
1348 3730 1360 3800 ΙΙ
1376 3737 1436 3784 ten·

303 3843 344 3889 tet
361 3838 383 3887 1‘
403 3842 493 3888 tentat
510 3840 535 3890 V
603 3840 636 3889 43
655 3853 726 3888 anne
748 3838 792 3887 bis
809 3842 841 3886 ut
858 3839 916 3888 edd.
934 3845 996 3890 uetl.
1058 3839 1091 3887 44
1109 3804 1171 3900 erari
1189 3839 1212 3886 F
1232 3852 1293 3888 eras
1310 3835 1352 3904 βψ
1373 3851 1437 3900 pro·

300 3908 370 3956 bonit
388 3906 497 3956 Bentlei.
521 3943 523 3948 t
553 3907 586 3956 45
608 3905 682 3956 docti
704 3903 727 3954 l'
746 3905 838 3955 cuncti
856 3905 878 3953 Ε
898 3905 989 3954 cuncti
1006 3901 1065 3973 ψΙΙ]
1088 3905 1170 3954 amici
1186 3904 1234 3968 Νψ
1290 3903 1363 3954 461’
1382 3903 1437 3952 mei

301 3975 325 4025 V
363 3977 395 4024 47
415 3973 531 4024 materis
543 3971 626 4039 dFN?
642 3970 653 4038 11
670 3989 731 4023 cum
750 3973 810 4036 quis
823 3972 933 4024 Bentlei.
949 3968 961 4037 11
984 3970 1129 4036 finxeretfi
1148 3972 1248 4022 fecerit
1264 3967 1310 4036 Gll
1322 3972 1375 4036 ipsi
1387 3987 1403 4020 τ

300 4045 334 4094 48
357 4042 471 4107 quisque
492 4048 577 4106 poeta
598 4043 623 4092 D
691 4043 724 4092 49
746 4040 849 4090 uindex
871 4039 892 4089 O
916 4037 928 4105 ΙΙ
951 4039 1117 4102 nimiumque
1140 4053 1247 4102 quoque
1269 4039 1292 4088 F
1319 4037 1331 4104 ΙΙ
1358 4038 1435 4088 labo·

301 4125 359 4160 rum
377 4127 393 4160 r
456 4111 488 4160 50
506 4109 682 4172 incorruptae
700 4125 716 4160 τ
735 4108 772 4162 H.
795 4107 1095 4172 incorruptae-uocis
1114 4123 1129 4157 r
1151 4105 1340 4157 incorructiP
1403 4107 1434 4156 51

301 4193 356 4228 non
374 4176 457 4228 CViF
481 4172 493 4243 ΙΙ
515 4175 605 4241 liieret
623 4176 646 4226 si
663 4177 686 4226 F
742 4177 947 4240 dimotusque
967 4191 1032 4226 cure
1050 4175 1077 4229 u
1096 4170 1108 4241 Η
1131 4174 1201 4226 facit
1218 4173 1239 4223 1·
1259 4174 1311 4225 fuit
1328 4175 1350 4224 F

387 4369 426 4424 33
421 4370 476 4507 Hir
497 4369 604 4441 scriptis
626 4369 660 4431 M
721 4367 761 4426 38
783 4367 843 4424 solo
865 4367 930 4424 HM
992 4364 1031 4422 47
1055 4365 1224 4424 meteriseH
1287 4363 1328 4422 50
1349 4365 1474 4432 incur·—

302 4461 398 4528 ruptse
971 4461 981 4478 ⁴
