3326 5182
710 469 920 532 1111111110.
1354 484 1391 532 11

248 637 353 703 ditum
382 646 431 701 est
461 643 616 716 ‘quomis’
640 645 811 724 ‘quaeras’
834 638 981 724 scripsit,
1011 636 1097 724 quo'd
1125 637 1189 701 nisi
1217 636 1392 722 fragmenti

249 747 502 834 Guelferbytani
517 749 693 812 auctoritas
717 729 817 829 esset,
840 748 928 834 apud
949 747 1148 814 Merkelium
1164 769 1291 835 quoque
1306 747 1391 832 lege·

248 881 367 922 remus.
411 857 571 922 Maiorem
599 857 826 922 difficultatem
855 858 1014 923 sublatam
1038 881 1108 922 esse
1130 858 1309 943 gaudemus
1332 858 1391 938 IV,

251 969 290 1031 12
298 1017 306 1048 ,
325 969 373 1031 18.
396 968 509 1032 Lectio
534 969 620 1047 enim
643 976 766 1033 ‘amor'
797 991 994 1055 quamquam
1021 969 1160 1034 testibus
1183 968 1270 1032 haud
1293 977 1391 1049 caret,

250 1077 380 1164 plurimi
403 1087 510 1141 tamen
534 1069 576 1140 01
606 1101 642 1142 00
671 1101 790 1163 genere
813 1089 901 1160 sunt,
925 1079 1044 1165 quibus
1073 1089 1109 1143 ut
1136 1101 1247 1142 ueram
1275 1078 1392 1142 habea-

249 1210 336 1270 mus,
360 1188 419 1250 uix
440 1209 638 1253 moueamur.
677 1188 816 1253 Accedit
831 1191 918 1275 quod
933 1211 1047 1254 uersus
1070 1191 1105 1252 in
1128 1211 1238 1252 eorum
1260 1210 1393 1252 numero

250 1307 300 1361 est
327 1320 407 1384 quos
436 1299 470 1361 in
503 1299 658 1362 memoria
691 1300 859 1363 haerentes
892 1322 934 1362 ex
968 1309 1060 1386 parte
1093 1299 1224 1386 quidem
1254 1298 1393 1364 Ouidius

250 1409 383 1494 repetiit
406 1393 755 1492 (01.011Ρ.Ι,5,26).
800 1410 850 1472 Ea
872 1412 959 1473 enim
981 1409 1036 1473 ille
1058 1409 1277 1488 hemistichia,
1307 1409 1393 1494 quod

254 1517 407 1604 equidem
428 1519 647 1599 meminerim,
676 1541 748 1582 raro
770 1542 830 1582 nec
851 1521 916 1584 nisi
938 1521 1172 1583 sententiarum
1194 1520 1319 1583 ratione
1342 1539 1393 1581 eo·

253 1638 351 1712 gente
379 1629 553 1692 inmutauit
582 1627 639 1712 (ef.
664 1650 706 1691 ex
728 1631 765 1693 P.
789 1630 820 1710 I,
844 1631 878 1711 6,
901 1631 941 1693 31
971 1640 1002 1694 et
1030 1631 1115 1693 trist.
1139 1630 1197 1710 IV,
1223 1631 1256 1711 1,
1279 1630 1316 1712 53
1352 1650 1394 1690 ex

252 1739 287 1801 P.
311 1738 356 1819 II,
378 1739 413 1820 3,
437 1739 479 1802 60
501 1746 532 1801 et
554 1739 639 1801 trist.
662 1738 704 1821 V,
730 1741 843 1825 13„8;
868 1762 909 1802 ex
931 1741 968 1802 P.
991 1740 1043 1822 ΙΙ,
1067 1741 1102 1821 6,
1125 1740 1166 1804 38
1190 1748 1221 1802 ct
1244 1761 1271 1801 a.
1296 1760 1324 1800 a.
1347 1737 1393 1819 ΙΙ,

253 1849 330 1931 132;
354 1869 396 1911 ex
418 1848 455 1911 P.
479 1847 529 1928 ΙΙ,
553 1849 581 1928 7,
604 1848 647 1910 42
670 1857 702 1911 et
723 1849 784 1929 IV,
808 1850 844 1930 6,
867 1849 925 1933 523
954 1871 997 1912 ex
1018 1850 1055 1912 P.
1079 1849 1137 1930 IV,
1162 1850 1190 1927 7,
1213 1848 1255 1912 46
1278 1857 1393 1911 etam.

253 1958 298 2037 ΙΙ,
322 1959 352 2040 8,
375 1958 443 2043 28).
488 1957 638 2043 Denique
673 1981 714 2021 ne
746 1958 781 2021 id
812 1958 943 2044 quidem
975 1960 1070 2046 parui
1099 1958 1307 2043 pendendum
1336 1967 1393 2038 cst,

254 2067 341 2153 qu'od
362 2067 458 2132 lectio
482 2076 594 2130 ‘amor’
618 2090 691 2131 cum
713 2067 853 2133 lectione
875 2073 976 2154 ‘ager'
1001 2068 1128 2134 conlata
1150 2069 1277 2131 facilius
1301 2067 1394 2130 intel-

255 2176 321 2261 legi
336 2186 460 2264 potest,
484 2199 567 2262 quae
588 2199 652 2260 rcs,
676 2179 705 2241 si
727 2177 804 2242 solis
828 2179 875 2243 eis
899 2201 978 2266 quos
1002 2179 1146 2242 diximus
1169 2177 1262 2242 libris
1285 2200 1393 2240 rocen-

255 2287 393 2352 tioribus
416 2286 472 2350 illa
494 2289 667 2369 niteretur,
696 2298 732 2352 ut
754 2269 984 2352 damnaremus
1003 2296 1157 2352 moucrct.
1202 2288 1297 2351 Nunc
1319 2287 1395 2350 libri

254 2399 472 2484 antiquissimi
501 2397 598 2460 fidem
626 2400 804 2485 sequimur,
835 2401 926 2464 ouius
955 2400 1041 2486 quod
1069 2397 1191 2462 assecla
1220 2407 1268 2462 est
1291 2397 1396 2466 codex

255 2509 433 2572 Bauaricus
457 2507 492 2570 id
515 2510 627 2594 quanti
650 2511 693 2573 sit
715 2531 792 2572 mox
815 2507 1040 2574 illustrabitur.
1425 2592 1429 2600 Ι

338 2619 448 2704 Atque
470 2619 549 2681 hacc
572 2620 704 2704 quidem
721 2618 761 2682 de
776 2619 958 2704 fragmento
975 2603 1247 2707 Guelferbytano.
1280 2620 1394 2683 Proxi-

253 2751 324 2792 mus
340 2729 415 2792 huio
430 2727 488 2790 sed
503 2727 626 2814 aliquot
641 2729 843 2794 saeculorum
858 2730 1029 2794 interuallo
1045 2732 1208 2794 seiunctus
1225 2739 1274 2793 cst
1290 2730 1396 2792 liber
1505 2765 1508 2770 ·

254 2838 530 2901 Hsussuaouusrs
554 2839 625 2922 (A),
650 2862 745 2925 quem
779 2862 852 2902 cum
887 2841 959 2903 Nic.
987 2840 1143 2902 Heinsius
1170 2838 1396 2924 Rudolfusque

254 2947 434 3011 Merkelius
458 2947 586 3012 sacculo
614 2972 698 3014 nono
720 2949 772 3013 uel
796 2939 921 3014 decimo
949 2949 1216 3034 adscripsissent,
1245 2949 1301 3012 Fr.
1323 2950 1394 3012 Rit-

255 3056 393 3120 sehelius
422 3055 542 3121 saeculi
572 3057 755 3123 duodecimi
783 3061 890 3146 potius
919 3082 991 3123 esse
1018 3057 1191 3123 intellexit.
1242 3058 1397 3123 Continet

254 3189 274 3229 a
296 3166 351 3230 fol.
367 3168 429 3231 223
451 3190 554 3253 usque
577 3167 618 3230 ad
641 3168 694 3234 fol.
710 3169 791 3234 250b
814 3169 1026 3256 epistularum
1048 3172 1249 3257 ponticarum
1271 3179 1396 3255 partem

255 3279 395 3363 priorem
418 3276 494 3340 inde
517 3279 590 3354 al,
615 3280 642 3359 1,
668 3279 685 3342 l
708 3280 875 3364 usquead
898 3281 961 3360 ΙΙΙ,
983 3281 1013 3360 2,
1037 3281 1087 3360 67,
1105 3279 1261 3359 ,foliorum
1284 3270 1397 3344 ordine

255 3385 434 3472 bibliopegi
455 3385 663 3472 neglegentia
685 3390 733 3452 sio
754 3391 943 3475 perturbato
965 3399 1001 3454 ut
1016 3392 1096 3454 haec
1119 3412 1191 3454 sese
1214 3391 1396 3476 excipiant:

173 3481 179 3486 ’
255 3497 281 3576 1,
307 3499 334 3576 1,
358 3496 450 3576 1-1,
476 3497 553 3579 151;
576 3497 604 3578 1,
627 3498 658 3580 4,
678 3498 814 3580 1-11,
839 3500 867 3579 1,
883 3500 941 3582 453
964 3500 1010 3582 11,
1034 3501 1063 3580 1,
1079 3500 1121 3564 00
1142 3537 1184 3545 -
1205 3499 1270 3579 m,
1293 3500 1395 3582 101,

255 3605 307 3686 ΙΙ,
333 3608 364 3686 1,
388 3605 565 3687 46-11,
590 3609 620 3688 7,
644 3609 694 3672 19.
739 3608 852 3672 Tertia
884 3603 961 3672 libri
992 3611 1089 3695 primi
1120 3608 1260 3695 epistula
1293 3609 1396 3672 deest.

257 3715 371 3780 Codex
393 3716 533 3801 primum
554 3717 596 3780 ab
612 3717 653 3780 N.
670 3717 822 3798 Heinsio,
845 3728 915 3782 tum
936 3729 1047 3783 nostra
1068 3729 1176 3784 aetate
1197 3718 1397 3784 011111101-

254 3823 343 3888 kelio
360 3824 517 3907 conlatus,
534 3835 625 3890 tanta
639 3826 758 3892 abhoc
781 3828 952 3913 diligentia
975 3829 1158 3918 descriptus
1176 3839 1311 3915 tamque
1334 3829 1396 3891 ele-

254 3936 347 4018 ganti
370 3934 518 3999 doctrina
541 3959 598 4001 suo
621 3935 691 4002 loco
713 3937 899 4002 uindicatus
916 3950 974 4022 cst,
998 3949 1035 4003 ut
1057 3939 1098 4003 de
1121 3963 1245 4004 summa
1267 3961 1301 4001 10
1316 3937 1398 4000 nihil

254 4043 341 4130 quod
363 4044 483 4108 addam
505 4046 652 4109 habeam.
697 4045 795 4126 Quod
817 4058 927 4112 tamen
950 4060 1025 4114 sunt
1047 4052 1081 4114 in
1104 4050 1221 4136 quibus
1243 4046 1397 4128 Merlgelii

254 4153 412 4217 iudicium
433 4157 540 4219 minus
570 4179 701 4242 sequar,
731 4180 768 4221 ca
789 4160 836 4222 ita
859 4157 1146 4246 suntoonparata,
1176 4166 1212 4221 ut
1238 4180 1303 4221 non
1330 4167 1397 4220 tam

149 4261 154 4270 ’
255 4263 304 4328 1111
332 4264 516 4346 adversari,
546 4289 641 4351 quam
671 4289 753 4352 quae
781 4271 885 4353 magis
908 4270 1092 4353 significare
1116 4289 1212 4353 quam
1235 4289 1397 4353 exponere

255 4371 372 4453 uoluit,
401 4374 565 4462 explicare
593 4376 718 4440 uidear.
762 4377 823 4440 Ille
852 4380 938 4441 enim
966 4401 1030 4442 non
1052 4377 1162 4458 modo,
1192 4377 1226 4440 id
1254 4378 1341 4463 quod
1363 4380 1397 4441 in
1477 4391 1483 4399 “

141 4537 144 4544 ,
254 4495 493 4570 programmate
515 4486 700 4550 Vesaliensi
721 4488 799 4550 anni
820 4489 855 4567 h.
874 4511 900 4551 0.
916 4493 1005 4557 ΈΧῨΙ
1027 4485 1250 4552 demonstrare
1273 4487 1395 4573 studui,
