3326 5182
274 407 317 472 40
754 415 802 461 nx
823 413 940 461 rouro

361 596 432 638 esse
455 573 587 659 quidem
608 570 714 634 fateor
734 569 885 632 meritam
907 575 980 654 post
1003 566 1152 631 Caesaris
1175 568 1257 630 iram

299 693 339 750 20
403 682 571 746 difficilem
592 679 744 766 precihus
766 687 799 742 ῖθ
822 693 950 764 quoque
971 677 1042 740 iure
1064 677 1162 740 meis:

363 814 508 880 quaeque
529 801 585 856 tua
608 799 656 853 θεῖ
678 790 781 876 pietas
803 790 839 852 in
860 796 965 852 totum
985 808 1102 851 nomen
1123 785 1204 868 Iuli,

404 913 437 967 tc
459 899 560 982 laedi,
584 922 658 964 cum
680 901 751 985 quis
774 896 916 961 laeditur
936 895 1014 960 inde
1036 907 1142 983 putas.

364 1013 422 1078 scd
443 1011 521 1075 licet
542 1032 632 1074 arma
654 1009 739 1072 feras
763 1016 795 1071 et
816 1005 952 1071 uulnera
974 1028 1072 1070 saeua
1094 1007 1244 1090 mineris,

405 1131 601 1186 nontamen
623 1118 761 1201 efficies,
783 1127 820 1180 ut
841 1119 976 1182 timeare
998 1116 1088 1180 mihi.

301 1240 340 1298 25
363 1233 482 1319 puppis
504 1229 770 1294 Achaemeniden
792 1225 929 1292 Graium
952 1226 1093 1290 Troiana
1114 1227 1254 1314 recepit,

394 1341 529 1434 profuit
552 1348 583 1404 θῖ
604 1340 700 1426 Myso
722 1337 830 1403 Pelias
852 1337 947 1401 hasta
970 1336 1056 1400 duci.

365 1452 514 1536 confugit
535 1449 699 1514 interdurn
721 1447 835 1534 templi
856 1446 996 1512 uiolator
1017 1446 1061 1509 ad
1082 1469 1187 1529 aram,

407 1583 468 1624 nec
489 1569 599 1646 petere
622 1559 737 1624 offensi
758 1558 899 1622 numinis
922 1556 1031 1622 horret
1054 1579 1158 1643 opem.

366 1673 489 1736 dixerit
510 1670 572 1735 hoc
593 1669 711 1756 aliquis
733 1677 840 1733 tutum
862 1689 927 1730 non
950 1688 1036 1730 csse:
1060 1667 1216 1731 fatemur:

303 1790 343 1847 30
408 1781 466 1845 sed
488 1803 553 1844 non
575 1803 633 1866 per
654 1777 800 1866 placidas
822 1779 849 1842 it
871 1799 942 1841 mea
964 1778 1082 1864 puppis
1104 1799 1216 1864 aquas.

367 1901 437 1956 tuta
459 1900 571 1978 petant
593 1889 666 1972 alii,
690 1889 820 1954 fortuna
841 1889 1024 1952 miserrima
1045 1896 1117 1952 tuta
1139 1897 1204 1952 est:

407 2023 483 2065 nam
504 2002 603 2066 timor
625 2009 760 2063 euentus
784 1997 953 2062 deterioris
979 1997 1082 2062 abest.

365 2112 554 2197 accipitrem
575 2119 723 2174 metuens
745 2109 860 2195 pennis
883 2108 1124 2194 trepidantibus
1140 2107 1207 2172 ales

408 2221 505 2284 audet
527 2220 570 2283 ad
591 2219 749 2283 humanos
772 2218 858 2281 fessa
880 2218 992 2281 uenire
1015 2218 1122 2300 sinus,

304 2337 343 2394 35
366 2352 426 2393 nec
448 2352 483 2392 se
505 2330 614 2392 uicino
638 2329 766 2393 dubitat
788 2329 978 2392 conmittere
1000 2336 1102 2410 ῖθθῖο,

409 2461 491 2527 quae
513 2439 599 2524 fugit
621 2438 758 2502 infestos
780 2437 894 2502 territa
917 2459 1013 2501 cerua
1036 2459 1142 2502 canes.
1392 2449 1426 2500 40

285 2588 487 2596 mne-q

637 2644 709 2684 uoque
1167 2637 1246 2685 quanta
1260 2638 1299 2682 cst

621 2646 635 2684 (1

352 2690 382 2738 19
401 2687 499 2738 iudicis
518 2705 532 2738 τ
585 2689 617 2736 20
635 2695 691 2744 uus
709 2687 731 2736 F
785 2689 814 2735 21
836 2701 905 2751 quaa
924 2684 985 2736 turis
993 2687 1016 2736 A
1035 2702 1159 2752 quaeque
1174 2703 1226 2750 que
1239 2692 1287 2736 tua
1301 2692 1344 2737 est
1361 2689 1383 2736 F

283 2758 315 2805 22
335 2756 568 2805 teledi-leditur
586 2753 609 2802 A
632 2751 643 2820 ΙΙ
666 2755 725 2818 ipse
745 2761 827 2819 putas
846 2753 956 2805 GGLstc
1008 2757 1041 2805 23
1060 2755 1157 2804 funcra
1176 2773 1192 2806 τ
1210 2769 1278 2805 seua
1296 2755 1319 2804 A
1343 2752 1354 2821 ΙΙ
1377 2756 1426 2804 mi·

283 2825 359 2872 naris
379 2825 400 2872 L
461 2827 495 2874 24
512 2840 566 2873 non
585 2827 599 2886 ᾧ
620 2830 711 2873 tamen
729 2823 752 2872 F
773 2827 908 2871 ettamen
928 2823 951 2873 G
974 2818 985 2888 ΙΙ
1010 2821 1119 2872 efficias
1138 2821 1154 2889 β
1173 2839 1208 2872 eac
1225 2839 1294 2873 corr.
1314 2823 1338 2872 G
1394 2823 1426 2873 25

283 2891 481 2942 achemeniden
498 2892 522 2941 A
545 2890 737 2942 achimeniden
762 2889 910 2940 GDEFGL
981 2892 1013 2939 26
1031 2891 1140 2940 misoB
1164 2889 1246 2941 misso
1264 2891 1304 2941 Ps
1327 2891 1426 2940 misero

285 2959 309 3008 G
332 2955 343 3024 ΙΙ
366 2959 477 3022 telepho
490 2961 563 3010 rna
580 2958 710 3021 thelepho
723 2959 746 3006 L
765 2957 912 3022 telaphosp
935 2952 949 3024 ΙΙ
971 2958 1066 3023 templi
1078 2963 1254 3008 temeratora
1306 2961 1338 3008 29
1356 2959 1426 3009 haec

570 3037 675 3081 fatemur²

283 3095 334 3158 Dap
357 3089 368 3158 ΙΙ
391 3093 501 3144 fatebor
518 3095 541 3142 L
559 3094 728 3162 putemusF
782 3095 814 3143 30
832 3095 855 3142 it
872 3093 950 3144 modo
970 3093 993 3143 G
1017 3090 1028 3159 ΙΙ
1051 3094 1150 3158 puppis
1162 3091 1241 3159 Αβῖψ
1260 3096 1342 3144 nauis
1359 3109 1380 3143 π

285 3164 316 3211 31
336 3165 433 3224 petunt
451 3162 523 3220 CFp
547 3159 558 3225 ΙΙ
581 3168 656 3222 tuta,
680 3176 733 3214 rec.
751 3177 815 3210 mun.
835 3163 921 3213 adscr.
945 3166 1040 3211 nostra
1093 3167 1187 3211 nostra
1208 3166 1250 3211 est
1268 3161 1314 3226 Οψ
1333 3166 1427 3212 uestra

286 3233 327 3278 cst
345 3230 367 3276 F
432 3231 465 3278 32
483 3244 542 3277 cum
560 3230 585 3278 D
607 3226 619 3295 ΙΙ
643 3230 826 3278 timereuentu
844 3229 868 3277 A
887 3227 1023 3294 euentufi
1051 3226 1055 3294 Ι
1085 3236 1144 3292 post
1168 3231 1232 3279 hacne
1249 3246 1348 3280 uernam
1365 3228 1426 3294 ἱηβ

284 3312 336 3346 rec.
354 3312 441 3345 prunus
459 3298 610 3359 adscripsit:
631 3299 677 3360 qui
694 3297 800 3360 rapitur
819 3297 884 3346 fatis
904 3297 968 3361 quid
979 3303 1091 3362 praeter
1109 3297 1170 3347 fata
1188 3299 1307 3362 requirat
1323 3297 1327 3358 Ι
1342 3313 1426 3362 saepe

286 3367 361 3413 creat
378 3363 474 3412 molles
493 3379 592 3428 aspera
617 3365 698 3429 spina
715 3379 802 3415 rosas.
838 3365 901 3415 haec
919 3373 1001 3414 uatem
1018 3365 1093 3414 habet
1112 3364 1149 3414 A:
1173 3365 1226 3426 Qui
1238 3364 1426 3430 rapiturlpor-

284 3432 351 3496 rigit
374 3432 468 3496 spinas
492 3431 560 3480 dura
583 3446 654 3495 quac
684 3448 760 3482 saxa.
799 3435 865 3482 rrrrdc
891 3434 917 3482 in
939 3435 1032 3482 ceteris
1055 3433 1182 3482 codicibus
1203 3434 1266 3482 haec
1287 3434 1345 3496 sere
1365 3437 1428 3497 ficta

284 3508 355 3548 ssent:
375 3500 422 3563 qui
441 3499 545 3564 rapitur
563 3501 631 3550 fatis
650 3500 713 3564 quid
738 3496 800 3565 [nil]
821 3505 932 3565 praeter
950 3501 1011 3549 fata
1029 3500 1144 3564 requirit
1163 3497 1297 3564 [requirat
1315 3519 1330 3550 τ
1349 3517 1428 3566 repe·

285 3569 340 3616 riet
358 3564 384 3632 r]
403 3567 407 3628 Ι
423 3583 504 3632 saepe
525 3572 600 3617 creat
618 3563 714 3618 molles
734 3583 834 3632 aspera
851 3568 932 3632 spina
956 3582 1033 3618 rosas
1056 3567 1178 3616 BCDFL
1202 3569 1286 3632 quir.
1305 3568 1323 3620 f.
1343 3584 1368 3632 q.
1387 3585 1427 3633 pr.

286 3635 306 3687 f.
319 3650 340 3683 r.
357 3633 360 3698 Ι
377 3636 492 3699 porrigit
510 3635 544 3684 ad
557 3636 651 3699 spinas
665 3635 786 3698 duraque
800 3651 869 3684 saxa
882 3650 978 3684 manus
990 3637 1012 3684 E
1033 3636 1080 3699 qui
1092 3651 1113 3684 r.
1127 3635 1145 3684 f.
1160 3650 1184 3698 q.
1198 3651 1238 3700 pr.
1252 3635 1270 3684 f.
1285 3651 1305 3688 r.
1322 3635 1326 3698 Ι
1342 3651 1426 3701 saepe

287 3706 365 3750 creat
382 3718 417 3750 m.
438 3717 495 3765 asp.
515 3718 554 3766 sp.
575 3719 651 3753 rosas
668 3703 671 3767 Ι
688 3704 734 3768 qui
756 3704 863 3767 rapitur
886 3706 1031 3767 spumante
1051 3703 1109 3752 salo
1133 3718 1183 3752 sua
1200 3703 1317 3753 brachia
1337 3705 1428 3770 campi

285 3770 310 3819 N
329 3770 414 3832 quir.
435 3769 453 3818 f.
474 3785 498 3833 q.
518 3787 557 3834 pr.
578 3771 597 3820 f.
617 3787 638 3822 r.
654 3768 658 3835 Ι
674 3786 696 3820 ε.
716 3787 753 3822 cr.
772 3787 806 3819 m.
827 3786 885 3834 asp.
910 3786 950 3834 sp.
969 3786 1045 3820 rosas
1062 3769 1066 3831 Ι
1083 3771 1130 3834 qui
1152 3772 1258 3835 rapitur
1281 3777 1427 3836 spumante

286 3836 345 3886 salo
370 3834 453 3901 [freto
478 3834 499 3901 ε]
528 3853 577 3886 sua
599 3838 715 3888 brachia
740 3838 856 3887 tendens
873 3836 876 3902 Ι
893 3839 1014 3902 Porrigit
1041 3838 1073 3887 ad
1098 3838 1191 3902 spinas
1215 3839 1337 3902 duraque
1360 3855 1428 3889 saxa

287 3919 384 3953 manus
397 3904 433 3954 Pe
447 3907 485 3954 ed.
499 3922 541 3969 pr.
555 3907 588 3967 cf.
602 3923 663 3956 rrius.
680 3907 752 3957 rhen.
766 3906 791 3954 X
795 3906 853 3956 XII
864 3923 893 3970 p.
907 3909 957 3954 207
970 3921 1009 3970 sq.
1057 3909 1089 3956 33
1108 3905 1322 3971 accipitremque
1340 3905 1429 3972 [anci-

286 3975 440 4037 pitremque
456 3969 485 4038 [n
498 3975 523 4022 in
534 3970 602 4039 raa]
618 3971 649 4038 P]
663 3974 763 4023 timens
773 3972 1028 4046 Apsscnncnurs
1039 3974 1200 4038 ancipitrem
1210 3979 1334 4024 metuens
1347 3975 1368 4024 P
1382 3989 1427 4024 ac-

287 4075 412 4138 cipitrem
430 4078 556 4125 metuens
568 4074 689 4137 Giofunus
701 4070 712 4141 ΙΙ
724 4050 829 4139 pennis
848 4073 864 4137 β
887 4070 899 4139 ΙΙ
923 4089 991 4125 anas
1009 4075 1031 4124 B
1083 4077 1116 4126 36
1135 4091 1196 4126 cum
1214 4077 1287 4141 fugit
1304 4079 1329 4126 D
1351 4072 1363 4142 ΙΙ
1386 4076 1436 4124 in·-

288 4143 374 4193 festas
392 4150 415 4205 ψ
433 4143 537 4193 infesto
555 4142 579 4191 A

372 4332 440 4387 Post
463 4351 489 4388 u.
508 4332 547 4389 32
571 4334 617 4406 qui
632 4335 734 4406 rapitur
749 4339 889 4406 spumante
911 4332 977 4394 salo,
1000 4348 1049 4387 sua
1068 4331 1174 4389 brachia
1189 4335 1258 4389 cauti
1279 4334 1283 4404 Ι
1302 4334 1427 4408 porrigit,

254 4471 262 4485 ,
289 4422 316 4470 ct
338 4417 427 4490 spinas
450 4415 570 4490 duraque
593 4433 654 4472 saxa
676 4419 747 4490 capit
768 4418 803 4473 M
865 4417 904 4474 36
926 4416 1037 4474 infestas
1060 4419 1094 4474 H
